%YAML 1.1
%TAG !u! tag:unity3d.com,2011:
--- !u!1 &3227713785724411482
GameObject:
  m_ObjectHideFlags: 0
  m_CorrespondingSourceObject: {fileID: 0}
  m_PrefabInstance: {fileID: 0}
  m_PrefabAsset: {fileID: 0}
  serializedVersion: 6
  m_Component:
  - component: {fileID: 611683063666724077}
  m_Layer: 0
  m_Name: Grassy corner 2
  m_TagString: Untagged
  m_Icon: {fileID: 0}
  m_NavMeshLayer: 0
  m_StaticEditorFlags: 0
  m_IsActive: 1
--- !u!4 &611683063666724077
Transform:
  m_ObjectHideFlags: 0
  m_CorrespondingSourceObject: {fileID: 0}
  m_PrefabInstance: {fileID: 0}
  m_PrefabAsset: {fileID: 0}
  m_GameObject: {fileID: 3227713785724411482}
  m_LocalRotation: {x: -0, y: -0, z: -0, w: 1}
  m_LocalPosition: {x: 19, y: 0.5, z: 7}
  m_LocalScale: {x: 1, y: 1, z: 1}
  m_Children:
  - {fileID: 6856584188301662728}
  - {fileID: 1686367439159560754}
  - {fileID: 5156821699096320740}
  - {fileID: 2997313234468991499}
  - {fileID: 3661232000627615751}
  m_Father: {fileID: 0}
  m_RootOrder: 0
  m_LocalEulerAnglesHint: {x: 0, y: 0, z: 0}
--- !u!1001 &1686367439159432768
PrefabInstance:
  m_ObjectHideFlags: 0
  serializedVersion: 2
  m_Modification:
    m_TransformParent: {fileID: 611683063666724077}
    m_Modifications:
    - target: {fileID: 139618, guid: f1f3c8bba3f110d43851b9acbbc52891, type: 3}
      propertyPath: m_Name
      value: Grass (94)
      objectReference: {fileID: 0}
    - target: {fileID: 400498, guid: f1f3c8bba3f110d43851b9acbbc52891, type: 3}
      propertyPath: m_LocalPosition.x
      value: 8.18
      objectReference: {fileID: 0}
    - target: {fileID: 400498, guid: f1f3c8bba3f110d43851b9acbbc52891, type: 3}
      propertyPath: m_LocalPosition.y
      value: -0.49
      objectReference: {fileID: 0}
    - target: {fileID: 400498, guid: f1f3c8bba3f110d43851b9acbbc52891, type: 3}
      propertyPath: m_LocalPosition.z
      value: -5.25
      objectReference: {fileID: 0}
    - target: {fileID: 400498, guid: f1f3c8bba3f110d43851b9acbbc52891, type: 3}
      propertyPath: m_LocalRotation.x
      value: 0.0000000124819275
      objectReference: {fileID: 0}
    - target: {fileID: 400498, guid: f1f3c8bba3f110d43851b9acbbc52891, type: 3}
      propertyPath: m_LocalRotation.y
      value: -0.8208762
      objectReference: {fileID: 0}
    - target: {fileID: 400498, guid: f1f3c8bba3f110d43851b9acbbc52891, type: 3}
      propertyPath: m_LocalRotation.z
      value: 0.000000017940817
      objectReference: {fileID: 0}
    - target: {fileID: 400498, guid: f1f3c8bba3f110d43851b9acbbc52891, type: 3}
      propertyPath: m_LocalRotation.w
      value: 0.5711062
      objectReference: {fileID: 0}
    - target: {fileID: 400498, guid: f1f3c8bba3f110d43851b9acbbc52891, type: 3}
      propertyPath: m_RootOrder
      value: 1
      objectReference: {fileID: 0}
    - target: {fileID: 400498, guid: f1f3c8bba3f110d43851b9acbbc52891, type: 3}
      propertyPath: m_LocalEulerAnglesHint.x
      value: 0
      objectReference: {fileID: 0}
    - target: {fileID: 400498, guid: f1f3c8bba3f110d43851b9acbbc52891, type: 3}
      propertyPath: m_LocalEulerAnglesHint.y
      value: -110.34501
      objectReference: {fileID: 0}
    - target: {fileID: 400498, guid: f1f3c8bba3f110d43851b9acbbc52891, type: 3}
      propertyPath: m_LocalEulerAnglesHint.z
      value: 0
      objectReference: {fileID: 0}
    m_RemovedComponents:
    - {fileID: 6469858, guid: f1f3c8bba3f110d43851b9acbbc52891, type: 3}
  m_SourcePrefab: {fileID: 100100000, guid: f1f3c8bba3f110d43851b9acbbc52891, type: 3}
--- !u!4 &1686367439159560754 stripped
Transform:
  m_CorrespondingSourceObject: {fileID: 400498, guid: f1f3c8bba3f110d43851b9acbbc52891,
    type: 3}
  m_PrefabInstance: {fileID: 1686367439159432768}
  m_PrefabAsset: {fileID: 0}
--- !u!1001 &3381603173341775372
PrefabInstance:
  m_ObjectHideFlags: 0
  serializedVersion: 2
  m_Modification:
    m_TransformParent: {fileID: 611683063666724077}
    m_Modifications:
    - target: {fileID: 7601346267195687112, guid: 10e9318c2c827df4c864e64916812dcf,
        type: 3}
      propertyPath: m_Name
      value: Rock 2 (56)
      objectReference: {fileID: 0}
    - target: {fileID: 7601346267195687112, guid: 10e9318c2c827df4c864e64916812dcf,
        type: 3}
      propertyPath: m_Layer
      value: 0
      objectReference: {fileID: 0}
    - target: {fileID: 7601346267196120296, guid: 10e9318c2c827df4c864e64916812dcf,
        type: 3}
      propertyPath: m_LocalPosition.x
      value: 8.42
      objectReference: {fileID: 0}
    - target: {fileID: 7601346267196120296, guid: 10e9318c2c827df4c864e64916812dcf,
        type: 3}
      propertyPath: m_LocalPosition.y
      value: -0.495
      objectReference: {fileID: 0}
    - target: {fileID: 7601346267196120296, guid: 10e9318c2c827df4c864e64916812dcf,
        type: 3}
      propertyPath: m_LocalPosition.z
      value: -4.9300003
      objectReference: {fileID: 0}
    - target: {fileID: 7601346267196120296, guid: 10e9318c2c827df4c864e64916812dcf,
        type: 3}
      propertyPath: m_LocalRotation.x
      value: -0
      objectReference: {fileID: 0}
    - target: {fileID: 7601346267196120296, guid: 10e9318c2c827df4c864e64916812dcf,
        type: 3}
      propertyPath: m_LocalRotation.y
      value: -0.8208762
      objectReference: {fileID: 0}
    - target: {fileID: 7601346267196120296, guid: 10e9318c2c827df4c864e64916812dcf,
        type: 3}
      propertyPath: m_LocalRotation.z
      value: -0
      objectReference: {fileID: 0}
    - target: {fileID: 7601346267196120296, guid: 10e9318c2c827df4c864e64916812dcf,
        type: 3}
      propertyPath: m_LocalRotation.w
      value: 0.5711062
      objectReference: {fileID: 0}
    - target: {fileID: 7601346267196120296, guid: 10e9318c2c827df4c864e64916812dcf,
        type: 3}
      propertyPath: m_RootOrder
      value: 2
      objectReference: {fileID: 0}
    - target: {fileID: 7601346267196120296, guid: 10e9318c2c827df4c864e64916812dcf,
        type: 3}
      propertyPath: m_LocalEulerAnglesHint.x
      value: 0
      objectReference: {fileID: 0}
    - target: {fileID: 7601346267196120296, guid: 10e9318c2c827df4c864e64916812dcf,
        type: 3}
      propertyPath: m_LocalEulerAnglesHint.y
      value: -110.34501
      objectReference: {fileID: 0}
    - target: {fileID: 7601346267196120296, guid: 10e9318c2c827df4c864e64916812dcf,
        type: 3}
      propertyPath: m_LocalEulerAnglesHint.z
      value: 0
      objectReference: {fileID: 0}
    m_RemovedComponents: []
  m_SourcePrefab: {fileID: 100100000, guid: 10e9318c2c827df4c864e64916812dcf, type: 3}
--- !u!4 &5156821699096320740 stripped
Transform:
  m_CorrespondingSourceObject: {fileID: 7601346267196120296, guid: 10e9318c2c827df4c864e64916812dcf,
    type: 3}
  m_PrefabInstance: {fileID: 3381603173341775372}
  m_PrefabAsset: {fileID: 0}
--- !u!1001 &4676408399350378211
PrefabInstance:
  m_ObjectHideFlags: 0
  serializedVersion: 2
  m_Modification:
    m_TransformParent: {fileID: 611683063666724077}
    m_Modifications:
    - target: {fileID: 7601346267195687112, guid: 10e9318c2c827df4c864e64916812dcf,
        type: 3}
      propertyPath: m_Name
      value: Rock 2 (57)
      objectReference: {fileID: 0}
    - target: {fileID: 7601346267195687112, guid: 10e9318c2c827df4c864e64916812dcf,
        type: 3}
      propertyPath: m_Layer
      value: 0
      objectReference: {fileID: 0}
    - target: {fileID: 7601346267196120296, guid: 10e9318c2c827df4c864e64916812dcf,
        type: 3}
      propertyPath: m_LocalPosition.x
      value: 7.0300007
      objectReference: {fileID: 0}
    - target: {fileID: 7601346267196120296, guid: 10e9318c2c827df4c864e64916812dcf,
        type: 3}
      propertyPath: m_LocalPosition.y
      value: -0.495
      objectReference: {fileID: 0}
    - target: {fileID: 7601346267196120296, guid: 10e9318c2c827df4c864e64916812dcf,
        type: 3}
      propertyPath: m_LocalPosition.z
      value: -5.44
      objectReference: {fileID: 0}
    - target: {fileID: 7601346267196120296, guid: 10e9318c2c827df4c864e64916812dcf,
        type: 3}
      propertyPath: m_LocalRotation.x
      value: -0
      objectReference: {fileID: 0}
    - target: {fileID: 7601346267196120296, guid: 10e9318c2c827df4c864e64916812dcf,
        type: 3}
      propertyPath: m_LocalRotation.y
      value: -0.8208762
      objectReference: {fileID: 0}
    - target: {fileID: 7601346267196120296, guid: 10e9318c2c827df4c864e64916812dcf,
        type: 3}
      propertyPath: m_LocalRotation.z
      value: -0
      objectReference: {fileID: 0}
    - target: {fileID: 7601346267196120296, guid: 10e9318c2c827df4c864e64916812dcf,
        type: 3}
      propertyPath: m_LocalRotation.w
      value: 0.5711062
      objectReference: {fileID: 0}
    - target: {fileID: 7601346267196120296, guid: 10e9318c2c827df4c864e64916812dcf,
        type: 3}
      propertyPath: m_RootOrder
      value: 3
      objectReference: {fileID: 0}
    - target: {fileID: 7601346267196120296, guid: 10e9318c2c827df4c864e64916812dcf,
        type: 3}
      propertyPath: m_LocalEulerAnglesHint.x
      value: 0
      objectReference: {fileID: 0}
    - target: {fileID: 7601346267196120296, guid: 10e9318c2c827df4c864e64916812dcf,
        type: 3}
      propertyPath: m_LocalEulerAnglesHint.y
      value: -110.34501
      objectReference: {fileID: 0}
    - target: {fileID: 7601346267196120296, guid: 10e9318c2c827df4c864e64916812dcf,
        type: 3}
      propertyPath: m_LocalEulerAnglesHint.z
      value: 0
      objectReference: {fileID: 0}
    m_RemovedComponents: []
  m_SourcePrefab: {fileID: 100100000, guid: 10e9318c2c827df4c864e64916812dcf, type: 3}
--- !u!4 &2997313234468991499 stripped
Transform:
  m_CorrespondingSourceObject: {fileID: 7601346267196120296, guid: 10e9318c2c827df4c864e64916812dcf,
    type: 3}
  m_PrefabInstance: {fileID: 4676408399350378211}
  m_PrefabAsset: {fileID: 0}
--- !u!1001 &6607386704431346927
PrefabInstance:
  m_ObjectHideFlags: 0
  serializedVersion: 2
  m_Modification:
    m_TransformParent: {fileID: 611683063666724077}
    m_Modifications:
    - target: {fileID: 7601346267195687112, guid: 10e9318c2c827df4c864e64916812dcf,
        type: 3}
      propertyPath: m_Name
      value: Rock 2 (58)
      objectReference: {fileID: 0}
    - target: {fileID: 7601346267195687112, guid: 10e9318c2c827df4c864e64916812dcf,
        type: 3}
      propertyPath: m_Layer
      value: 0
      objectReference: {fileID: 0}
    - target: {fileID: 7601346267196120296, guid: 10e9318c2c827df4c864e64916812dcf,
        type: 3}
      propertyPath: m_LocalPosition.x
      value: 6.8500004
      objectReference: {fileID: 0}
    - target: {fileID: 7601346267196120296, guid: 10e9318c2c827df4c864e64916812dcf,
        type: 3}
      propertyPath: m_LocalPosition.y
      value: -0.495
      objectReference: {fileID: 0}
    - target: {fileID: 7601346267196120296, guid: 10e9318c2c827df4c864e64916812dcf,
        type: 3}
      propertyPath: m_LocalPosition.z
      value: -6.34
      objectReference: {fileID: 0}
    - target: {fileID: 7601346267196120296, guid: 10e9318c2c827df4c864e64916812dcf,
        type: 3}
      propertyPath: m_LocalRotation.x
      value: -0
      objectReference: {fileID: 0}
    - target: {fileID: 7601346267196120296, guid: 10e9318c2c827df4c864e64916812dcf,
        type: 3}
      propertyPath: m_LocalRotation.y
      value: -0.8208762
      objectReference: {fileID: 0}
    - target: {fileID: 7601346267196120296, guid: 10e9318c2c827df4c864e64916812dcf,
        type: 3}
      propertyPath: m_LocalRotation.z
      value: -0
      objectReference: {fileID: 0}
    - target: {fileID: 7601346267196120296, guid: 10e9318c2c827df4c864e64916812dcf,
        type: 3}
      propertyPath: m_LocalRotation.w
      value: 0.5711062
      objectReference: {fileID: 0}
    - target: {fileID: 7601346267196120296, guid: 10e9318c2c827df4c864e64916812dcf,
        type: 3}
      propertyPath: m_RootOrder
      value: 4
      objectReference: {fileID: 0}
    - target: {fileID: 7601346267196120296, guid: 10e9318c2c827df4c864e64916812dcf,
        type: 3}
      propertyPath: m_LocalEulerAnglesHint.x
      value: 0
      objectReference: {fileID: 0}
    - target: {fileID: 7601346267196120296, guid: 10e9318c2c827df4c864e64916812dcf,
        type: 3}
      propertyPath: m_LocalEulerAnglesHint.y
      value: -110.34501
      objectReference: {fileID: 0}
    - target: {fileID: 7601346267196120296, guid: 10e9318c2c827df4c864e64916812dcf,
        type: 3}
      propertyPath: m_LocalEulerAnglesHint.z
      value: 0
      objectReference: {fileID: 0}
    m_RemovedComponents: []
  m_SourcePrefab: {fileID: 100100000, guid: 10e9318c2c827df4c864e64916812dcf, type: 3}
--- !u!4 &3661232000627615751 stripped
Transform:
  m_CorrespondingSourceObject: {fileID: 7601346267196120296, guid: 10e9318c2c827df4c864e64916812dcf,
    type: 3}
  m_PrefabInstance: {fileID: 6607386704431346927}
  m_PrefabAsset: {fileID: 0}
--- !u!1001 &6861035829666729492
PrefabInstance:
  m_ObjectHideFlags: 0
  serializedVersion: 2
  m_Modification:
    m_TransformParent: {fileID: 611683063666724077}
    m_Modifications:
    - target: {fileID: 1855710351377478, guid: 5c9211eb71cff4f4996a21d92317f601, type: 3}
      propertyPath: m_Name
      value: rpgpp_lt_hill_small_01 (18)
      objectReference: {fileID: 0}
    - target: {fileID: 4557757265253404, guid: 5c9211eb71cff4f4996a21d92317f601, type: 3}
      propertyPath: m_LocalPosition.x
      value: 7.959999
      objectReference: {fileID: 0}
    - target: {fileID: 4557757265253404, guid: 5c9211eb71cff4f4996a21d92317f601, type: 3}
      propertyPath: m_LocalPosition.y
      value: -0.529
      objectReference: {fileID: 0}
    - target: {fileID: 4557757265253404, guid: 5c9211eb71cff4f4996a21d92317f601, type: 3}
      propertyPath: m_LocalPosition.z
      value: -6.06
      objectReference: {fileID: 0}
    - target: {fileID: 4557757265253404, guid: 5c9211eb71cff4f4996a21d92317f601, type: 3}
      propertyPath: m_LocalRotation.x
      value: -0
      objectReference: {fileID: 0}
    - target: {fileID: 4557757265253404, guid: 5c9211eb71cff4f4996a21d92317f601, type: 3}
      propertyPath: m_LocalRotation.y
      value: -0
      objectReference: {fileID: 0}
    - target: {fileID: 4557757265253404, guid: 5c9211eb71cff4f4996a21d92317f601, type: 3}
      propertyPath: m_LocalRotation.z
      value: -0
      objectReference: {fileID: 0}
    - target: {fileID: 4557757265253404, guid: 5c9211eb71cff4f4996a21d92317f601, type: 3}
      propertyPath: m_LocalRotation.w
      value: 1
      objectReference: {fileID: 0}
    - target: {fileID: 4557757265253404, guid: 5c9211eb71cff4f4996a21d92317f601, type: 3}
      propertyPath: m_RootOrder
      value: 0
      objectReference: {fileID: 0}
    - target: {fileID: 4557757265253404, guid: 5c9211eb71cff4f4996a21d92317f601, type: 3}
      propertyPath: m_LocalEulerAnglesHint.x
      value: 0
      objectReference: {fileID: 0}
    - target: {fileID: 4557757265253404, guid: 5c9211eb71cff4f4996a21d92317f601, type: 3}
      propertyPath: m_LocalEulerAnglesHint.y
      value: 0
      objectReference: {fileID: 0}
    - target: {fileID: 4557757265253404, guid: 5c9211eb71cff4f4996a21d92317f601, type: 3}
      propertyPath: m_LocalEulerAnglesHint.z
      value: 0
      objectReference: {fileID: 0}
    - target: {fileID: 4557757265253404, guid: 5c9211eb71cff4f4996a21d92317f601, type: 3}
      propertyPath: m_LocalScale.x
      value: 0.02
      objectReference: {fileID: 0}
    - target: {fileID: 4557757265253404, guid: 5c9211eb71cff4f4996a21d92317f601, type: 3}
      propertyPath: m_LocalScale.y
      value: 0.02
      objectReference: {fileID: 0}
    - target: {fileID: 4557757265253404, guid: 5c9211eb71cff4f4996a21d92317f601, type: 3}
      propertyPath: m_LocalScale.z
      value: 0.02
      objectReference: {fileID: 0}
    m_RemovedComponents: []
  m_SourcePrefab: {fileID: 100100000, guid: 5c9211eb71cff4f4996a21d92317f601, type: 3}
--- !u!4 &6856584188301662728 stripped
Transform:
  m_CorrespondingSourceObject: {fileID: 4557757265253404, guid: 5c9211eb71cff4f4996a21d92317f601,
    type: 3}
  m_PrefabInstance: {fileID: 6861035829666729492}
  m_PrefabAsset: {fileID: 0}
