%YAML 1.1
%TAG !u! tag:unity3d.com,2011:
--- !u!1 &5679823306650866839
GameObject:
  m_ObjectHideFlags: 0
  m_CorrespondingSourceObject: {fileID: 0}
  m_PrefabInstance: {fileID: 0}
  m_PrefabAsset: {fileID: 0}
  serializedVersion: 6
  m_Component:
  - component: {fileID: 3861717128411048047}
  m_Layer: 0
  m_Name: Grassy corner 4
  m_TagString: Untagged
  m_Icon: {fileID: 0}
  m_NavMeshLayer: 0
  m_StaticEditorFlags: 0
  m_IsActive: 1
--- !u!4 &3861717128411048047
Transform:
  m_ObjectHideFlags: 0
  m_CorrespondingSourceObject: {fileID: 0}
  m_PrefabInstance: {fileID: 0}
  m_PrefabAsset: {fileID: 0}
  m_GameObject: {fileID: 5679823306650866839}
  m_LocalRotation: {x: -0, y: -0, z: -0, w: 1}
  m_LocalPosition: {x: 22, y: 0.2, z: 25}
  m_LocalScale: {x: 1, y: 1, z: 1}
  m_Children:
  - {fileID: 3466655564341973606}
  - {fileID: 5534114509398316089}
  - {fileID: 2717591959858312437}
  - {fileID: 1564447233507609809}
  - {fileID: 5467730072647487338}
  - {fileID: 666907630134772334}
  - {fileID: 3939383670046853140}
  m_Father: {fileID: 0}
  m_RootOrder: 0
  m_LocalEulerAnglesHint: {x: 0, y: 0, z: 0}
--- !u!1001 &671265171582051146
PrefabInstance:
  m_ObjectHideFlags: 0
  serializedVersion: 2
  m_Modification:
    m_TransformParent: {fileID: 3861717128411048047}
    m_Modifications:
    - target: {fileID: 1733909988577898, guid: e88b7bb02ae149940a5a0cddf34fe370, type: 3}
      propertyPath: m_Name
      value: rpgpp_lt_grass_small_01b (77)
      objectReference: {fileID: 0}
    - target: {fileID: 4931211907768612, guid: e88b7bb02ae149940a5a0cddf34fe370, type: 3}
      propertyPath: m_LocalPosition.x
      value: -11.1
      objectReference: {fileID: 0}
    - target: {fileID: 4931211907768612, guid: e88b7bb02ae149940a5a0cddf34fe370, type: 3}
      propertyPath: m_LocalPosition.y
      value: -0.19500001
      objectReference: {fileID: 0}
    - target: {fileID: 4931211907768612, guid: e88b7bb02ae149940a5a0cddf34fe370, type: 3}
      propertyPath: m_LocalPosition.z
      value: 1.3099995
      objectReference: {fileID: 0}
    - target: {fileID: 4931211907768612, guid: e88b7bb02ae149940a5a0cddf34fe370, type: 3}
      propertyPath: m_LocalRotation.x
      value: -0
      objectReference: {fileID: 0}
    - target: {fileID: 4931211907768612, guid: e88b7bb02ae149940a5a0cddf34fe370, type: 3}
      propertyPath: m_LocalRotation.y
      value: -0.8208762
      objectReference: {fileID: 0}
    - target: {fileID: 4931211907768612, guid: e88b7bb02ae149940a5a0cddf34fe370, type: 3}
      propertyPath: m_LocalRotation.z
      value: -0
      objectReference: {fileID: 0}
    - target: {fileID: 4931211907768612, guid: e88b7bb02ae149940a5a0cddf34fe370, type: 3}
      propertyPath: m_LocalRotation.w
      value: 0.5711062
      objectReference: {fileID: 0}
    - target: {fileID: 4931211907768612, guid: e88b7bb02ae149940a5a0cddf34fe370, type: 3}
      propertyPath: m_RootOrder
      value: 5
      objectReference: {fileID: 0}
    - target: {fileID: 4931211907768612, guid: e88b7bb02ae149940a5a0cddf34fe370, type: 3}
      propertyPath: m_LocalEulerAnglesHint.x
      value: 0
      objectReference: {fileID: 0}
    - target: {fileID: 4931211907768612, guid: e88b7bb02ae149940a5a0cddf34fe370, type: 3}
      propertyPath: m_LocalEulerAnglesHint.y
      value: -110.34501
      objectReference: {fileID: 0}
    - target: {fileID: 4931211907768612, guid: e88b7bb02ae149940a5a0cddf34fe370, type: 3}
      propertyPath: m_LocalEulerAnglesHint.z
      value: 0
      objectReference: {fileID: 0}
    - target: {fileID: 4931211907768612, guid: e88b7bb02ae149940a5a0cddf34fe370, type: 3}
      propertyPath: m_LocalScale.x
      value: 0.8
      objectReference: {fileID: 0}
    - target: {fileID: 4931211907768612, guid: e88b7bb02ae149940a5a0cddf34fe370, type: 3}
      propertyPath: m_LocalScale.y
      value: 0.8
      objectReference: {fileID: 0}
    - target: {fileID: 4931211907768612, guid: e88b7bb02ae149940a5a0cddf34fe370, type: 3}
      propertyPath: m_LocalScale.z
      value: 0.9
      objectReference: {fileID: 0}
    m_RemovedComponents: []
  m_SourcePrefab: {fileID: 100100000, guid: e88b7bb02ae149940a5a0cddf34fe370, type: 3}
--- !u!4 &666907630134772334 stripped
Transform:
  m_CorrespondingSourceObject: {fileID: 4931211907768612, guid: e88b7bb02ae149940a5a0cddf34fe370,
    type: 3}
  m_PrefabInstance: {fileID: 671265171582051146}
  m_PrefabAsset: {fileID: 0}
--- !u!1001 &1559997241560979661
PrefabInstance:
  m_ObjectHideFlags: 0
  serializedVersion: 2
  m_Modification:
    m_TransformParent: {fileID: 3861717128411048047}
    m_Modifications:
    - target: {fileID: 1855710351377478, guid: 5c9211eb71cff4f4996a21d92317f601, type: 3}
      propertyPath: m_Name
      value: rpgpp_lt_hill_small_01 (19)
      objectReference: {fileID: 0}
    - target: {fileID: 4557757265253404, guid: 5c9211eb71cff4f4996a21d92317f601, type: 3}
      propertyPath: m_LocalPosition.x
      value: -11.286
      objectReference: {fileID: 0}
    - target: {fileID: 4557757265253404, guid: 5c9211eb71cff4f4996a21d92317f601, type: 3}
      propertyPath: m_LocalPosition.y
      value: -0.22900002
      objectReference: {fileID: 0}
    - target: {fileID: 4557757265253404, guid: 5c9211eb71cff4f4996a21d92317f601, type: 3}
      propertyPath: m_LocalPosition.z
      value: 2.646
      objectReference: {fileID: 0}
    - target: {fileID: 4557757265253404, guid: 5c9211eb71cff4f4996a21d92317f601, type: 3}
      propertyPath: m_LocalRotation.x
      value: -0
      objectReference: {fileID: 0}
    - target: {fileID: 4557757265253404, guid: 5c9211eb71cff4f4996a21d92317f601, type: 3}
      propertyPath: m_LocalRotation.y
      value: -0.7998683
      objectReference: {fileID: 0}
    - target: {fileID: 4557757265253404, guid: 5c9211eb71cff4f4996a21d92317f601, type: 3}
      propertyPath: m_LocalRotation.z
      value: -0
      objectReference: {fileID: 0}
    - target: {fileID: 4557757265253404, guid: 5c9211eb71cff4f4996a21d92317f601, type: 3}
      propertyPath: m_LocalRotation.w
      value: 0.6001756
      objectReference: {fileID: 0}
    - target: {fileID: 4557757265253404, guid: 5c9211eb71cff4f4996a21d92317f601, type: 3}
      propertyPath: m_RootOrder
      value: 3
      objectReference: {fileID: 0}
    - target: {fileID: 4557757265253404, guid: 5c9211eb71cff4f4996a21d92317f601, type: 3}
      propertyPath: m_LocalEulerAnglesHint.x
      value: 0
      objectReference: {fileID: 0}
    - target: {fileID: 4557757265253404, guid: 5c9211eb71cff4f4996a21d92317f601, type: 3}
      propertyPath: m_LocalEulerAnglesHint.y
      value: -106.23501
      objectReference: {fileID: 0}
    - target: {fileID: 4557757265253404, guid: 5c9211eb71cff4f4996a21d92317f601, type: 3}
      propertyPath: m_LocalEulerAnglesHint.z
      value: 0
      objectReference: {fileID: 0}
    - target: {fileID: 4557757265253404, guid: 5c9211eb71cff4f4996a21d92317f601, type: 3}
      propertyPath: m_LocalScale.x
      value: 0.02000001
      objectReference: {fileID: 0}
    - target: {fileID: 4557757265253404, guid: 5c9211eb71cff4f4996a21d92317f601, type: 3}
      propertyPath: m_LocalScale.y
      value: 0.02
      objectReference: {fileID: 0}
    - target: {fileID: 4557757265253404, guid: 5c9211eb71cff4f4996a21d92317f601, type: 3}
      propertyPath: m_LocalScale.z
      value: 0.02000001
      objectReference: {fileID: 0}
    m_RemovedComponents: []
  m_SourcePrefab: {fileID: 100100000, guid: 5c9211eb71cff4f4996a21d92317f601, type: 3}
--- !u!4 &1564447233507609809 stripped
Transform:
  m_CorrespondingSourceObject: {fileID: 4557757265253404, guid: 5c9211eb71cff4f4996a21d92317f601,
    type: 3}
  m_PrefabInstance: {fileID: 1559997241560979661}
  m_PrefabAsset: {fileID: 0}
--- !u!1001 &2713104576034857193
PrefabInstance:
  m_ObjectHideFlags: 0
  serializedVersion: 2
  m_Modification:
    m_TransformParent: {fileID: 3861717128411048047}
    m_Modifications:
    - target: {fileID: 1855710351377478, guid: 5c9211eb71cff4f4996a21d92317f601, type: 3}
      propertyPath: m_Name
      value: rpgpp_lt_hill_small_01 (18)
      objectReference: {fileID: 0}
    - target: {fileID: 4557757265253404, guid: 5c9211eb71cff4f4996a21d92317f601, type: 3}
      propertyPath: m_LocalPosition.x
      value: -10.63
      objectReference: {fileID: 0}
    - target: {fileID: 4557757265253404, guid: 5c9211eb71cff4f4996a21d92317f601, type: 3}
      propertyPath: m_LocalPosition.y
      value: -0.22900002
      objectReference: {fileID: 0}
    - target: {fileID: 4557757265253404, guid: 5c9211eb71cff4f4996a21d92317f601, type: 3}
      propertyPath: m_LocalPosition.z
      value: 3.4759998
      objectReference: {fileID: 0}
    - target: {fileID: 4557757265253404, guid: 5c9211eb71cff4f4996a21d92317f601, type: 3}
      propertyPath: m_LocalRotation.x
      value: -0
      objectReference: {fileID: 0}
    - target: {fileID: 4557757265253404, guid: 5c9211eb71cff4f4996a21d92317f601, type: 3}
      propertyPath: m_LocalRotation.y
      value: -0.7998683
      objectReference: {fileID: 0}
    - target: {fileID: 4557757265253404, guid: 5c9211eb71cff4f4996a21d92317f601, type: 3}
      propertyPath: m_LocalRotation.z
      value: -0
      objectReference: {fileID: 0}
    - target: {fileID: 4557757265253404, guid: 5c9211eb71cff4f4996a21d92317f601, type: 3}
      propertyPath: m_LocalRotation.w
      value: 0.6001756
      objectReference: {fileID: 0}
    - target: {fileID: 4557757265253404, guid: 5c9211eb71cff4f4996a21d92317f601, type: 3}
      propertyPath: m_RootOrder
      value: 2
      objectReference: {fileID: 0}
    - target: {fileID: 4557757265253404, guid: 5c9211eb71cff4f4996a21d92317f601, type: 3}
      propertyPath: m_LocalEulerAnglesHint.x
      value: 0
      objectReference: {fileID: 0}
    - target: {fileID: 4557757265253404, guid: 5c9211eb71cff4f4996a21d92317f601, type: 3}
      propertyPath: m_LocalEulerAnglesHint.y
      value: -106.23501
      objectReference: {fileID: 0}
    - target: {fileID: 4557757265253404, guid: 5c9211eb71cff4f4996a21d92317f601, type: 3}
      propertyPath: m_LocalEulerAnglesHint.z
      value: 0
      objectReference: {fileID: 0}
    - target: {fileID: 4557757265253404, guid: 5c9211eb71cff4f4996a21d92317f601, type: 3}
      propertyPath: m_LocalScale.x
      value: 0.02000001
      objectReference: {fileID: 0}
    - target: {fileID: 4557757265253404, guid: 5c9211eb71cff4f4996a21d92317f601, type: 3}
      propertyPath: m_LocalScale.y
      value: 0.02
      objectReference: {fileID: 0}
    - target: {fileID: 4557757265253404, guid: 5c9211eb71cff4f4996a21d92317f601, type: 3}
      propertyPath: m_LocalScale.z
      value: 0.02000001
      objectReference: {fileID: 0}
    m_RemovedComponents: []
  m_SourcePrefab: {fileID: 100100000, guid: 5c9211eb71cff4f4996a21d92317f601, type: 3}
--- !u!4 &2717591959858312437 stripped
Transform:
  m_CorrespondingSourceObject: {fileID: 4557757265253404, guid: 5c9211eb71cff4f4996a21d92317f601,
    type: 3}
  m_PrefabInstance: {fileID: 2713104576034857193}
  m_PrefabAsset: {fileID: 0}
--- !u!1001 &3462577857999352642
PrefabInstance:
  m_ObjectHideFlags: 0
  serializedVersion: 2
  m_Modification:
    m_TransformParent: {fileID: 3861717128411048047}
    m_Modifications:
    - target: {fileID: 1733909988577898, guid: e88b7bb02ae149940a5a0cddf34fe370, type: 3}
      propertyPath: m_Name
      value: rpgpp_lt_grass_small_01b (75)
      objectReference: {fileID: 0}
    - target: {fileID: 4931211907768612, guid: e88b7bb02ae149940a5a0cddf34fe370, type: 3}
      propertyPath: m_LocalPosition.x
      value: -9.31
      objectReference: {fileID: 0}
    - target: {fileID: 4931211907768612, guid: e88b7bb02ae149940a5a0cddf34fe370, type: 3}
      propertyPath: m_LocalPosition.y
      value: -0.19500001
      objectReference: {fileID: 0}
    - target: {fileID: 4931211907768612, guid: e88b7bb02ae149940a5a0cddf34fe370, type: 3}
      propertyPath: m_LocalPosition.z
      value: 3.007
      objectReference: {fileID: 0}
    - target: {fileID: 4931211907768612, guid: e88b7bb02ae149940a5a0cddf34fe370, type: 3}
      propertyPath: m_LocalRotation.x
      value: -0
      objectReference: {fileID: 0}
    - target: {fileID: 4931211907768612, guid: e88b7bb02ae149940a5a0cddf34fe370, type: 3}
      propertyPath: m_LocalRotation.y
      value: -0.8208762
      objectReference: {fileID: 0}
    - target: {fileID: 4931211907768612, guid: e88b7bb02ae149940a5a0cddf34fe370, type: 3}
      propertyPath: m_LocalRotation.z
      value: -0
      objectReference: {fileID: 0}
    - target: {fileID: 4931211907768612, guid: e88b7bb02ae149940a5a0cddf34fe370, type: 3}
      propertyPath: m_LocalRotation.w
      value: 0.5711062
      objectReference: {fileID: 0}
    - target: {fileID: 4931211907768612, guid: e88b7bb02ae149940a5a0cddf34fe370, type: 3}
      propertyPath: m_RootOrder
      value: 0
      objectReference: {fileID: 0}
    - target: {fileID: 4931211907768612, guid: e88b7bb02ae149940a5a0cddf34fe370, type: 3}
      propertyPath: m_LocalEulerAnglesHint.x
      value: 0
      objectReference: {fileID: 0}
    - target: {fileID: 4931211907768612, guid: e88b7bb02ae149940a5a0cddf34fe370, type: 3}
      propertyPath: m_LocalEulerAnglesHint.y
      value: -110.34501
      objectReference: {fileID: 0}
    - target: {fileID: 4931211907768612, guid: e88b7bb02ae149940a5a0cddf34fe370, type: 3}
      propertyPath: m_LocalEulerAnglesHint.z
      value: 0
      objectReference: {fileID: 0}
    - target: {fileID: 4931211907768612, guid: e88b7bb02ae149940a5a0cddf34fe370, type: 3}
      propertyPath: m_LocalScale.x
      value: 0.8
      objectReference: {fileID: 0}
    - target: {fileID: 4931211907768612, guid: e88b7bb02ae149940a5a0cddf34fe370, type: 3}
      propertyPath: m_LocalScale.y
      value: 0.8
      objectReference: {fileID: 0}
    - target: {fileID: 4931211907768612, guid: e88b7bb02ae149940a5a0cddf34fe370, type: 3}
      propertyPath: m_LocalScale.z
      value: 0.9
      objectReference: {fileID: 0}
    m_RemovedComponents: []
  m_SourcePrefab: {fileID: 100100000, guid: e88b7bb02ae149940a5a0cddf34fe370, type: 3}
--- !u!4 &3466655564341973606 stripped
Transform:
  m_CorrespondingSourceObject: {fileID: 4931211907768612, guid: e88b7bb02ae149940a5a0cddf34fe370,
    type: 3}
  m_PrefabInstance: {fileID: 3462577857999352642}
  m_PrefabAsset: {fileID: 0}
--- !u!1001 &3943469346840193328
PrefabInstance:
  m_ObjectHideFlags: 0
  serializedVersion: 2
  m_Modification:
    m_TransformParent: {fileID: 3861717128411048047}
    m_Modifications:
    - target: {fileID: 1733909988577898, guid: e88b7bb02ae149940a5a0cddf34fe370, type: 3}
      propertyPath: m_Name
      value: rpgpp_lt_grass_small_01b (78)
      objectReference: {fileID: 0}
    - target: {fileID: 4931211907768612, guid: e88b7bb02ae149940a5a0cddf34fe370, type: 3}
      propertyPath: m_LocalPosition.x
      value: -10.64
      objectReference: {fileID: 0}
    - target: {fileID: 4931211907768612, guid: e88b7bb02ae149940a5a0cddf34fe370, type: 3}
      propertyPath: m_LocalPosition.y
      value: -0.19500001
      objectReference: {fileID: 0}
    - target: {fileID: 4931211907768612, guid: e88b7bb02ae149940a5a0cddf34fe370, type: 3}
      propertyPath: m_LocalPosition.z
      value: 1.6299992
      objectReference: {fileID: 0}
    - target: {fileID: 4931211907768612, guid: e88b7bb02ae149940a5a0cddf34fe370, type: 3}
      propertyPath: m_LocalRotation.x
      value: -0
      objectReference: {fileID: 0}
    - target: {fileID: 4931211907768612, guid: e88b7bb02ae149940a5a0cddf34fe370, type: 3}
      propertyPath: m_LocalRotation.y
      value: -0.8208762
      objectReference: {fileID: 0}
    - target: {fileID: 4931211907768612, guid: e88b7bb02ae149940a5a0cddf34fe370, type: 3}
      propertyPath: m_LocalRotation.z
      value: -0
      objectReference: {fileID: 0}
    - target: {fileID: 4931211907768612, guid: e88b7bb02ae149940a5a0cddf34fe370, type: 3}
      propertyPath: m_LocalRotation.w
      value: 0.5711062
      objectReference: {fileID: 0}
    - target: {fileID: 4931211907768612, guid: e88b7bb02ae149940a5a0cddf34fe370, type: 3}
      propertyPath: m_RootOrder
      value: 6
      objectReference: {fileID: 0}
    - target: {fileID: 4931211907768612, guid: e88b7bb02ae149940a5a0cddf34fe370, type: 3}
      propertyPath: m_LocalEulerAnglesHint.x
      value: 0
      objectReference: {fileID: 0}
    - target: {fileID: 4931211907768612, guid: e88b7bb02ae149940a5a0cddf34fe370, type: 3}
      propertyPath: m_LocalEulerAnglesHint.y
      value: -110.34501
      objectReference: {fileID: 0}
    - target: {fileID: 4931211907768612, guid: e88b7bb02ae149940a5a0cddf34fe370, type: 3}
      propertyPath: m_LocalEulerAnglesHint.z
      value: 0
      objectReference: {fileID: 0}
    - target: {fileID: 4931211907768612, guid: e88b7bb02ae149940a5a0cddf34fe370, type: 3}
      propertyPath: m_LocalScale.x
      value: 0.8
      objectReference: {fileID: 0}
    - target: {fileID: 4931211907768612, guid: e88b7bb02ae149940a5a0cddf34fe370, type: 3}
      propertyPath: m_LocalScale.y
      value: 0.8
      objectReference: {fileID: 0}
    - target: {fileID: 4931211907768612, guid: e88b7bb02ae149940a5a0cddf34fe370, type: 3}
      propertyPath: m_LocalScale.z
      value: 0.9
      objectReference: {fileID: 0}
    m_RemovedComponents: []
  m_SourcePrefab: {fileID: 100100000, guid: e88b7bb02ae149940a5a0cddf34fe370, type: 3}
--- !u!4 &3939383670046853140 stripped
Transform:
  m_CorrespondingSourceObject: {fileID: 4931211907768612, guid: e88b7bb02ae149940a5a0cddf34fe370,
    type: 3}
  m_PrefabInstance: {fileID: 3943469346840193328}
  m_PrefabAsset: {fileID: 0}
--- !u!1001 &5472285630796618614
PrefabInstance:
  m_ObjectHideFlags: 0
  serializedVersion: 2
  m_Modification:
    m_TransformParent: {fileID: 3861717128411048047}
    m_Modifications:
    - target: {fileID: 1855710351377478, guid: 5c9211eb71cff4f4996a21d92317f601, type: 3}
      propertyPath: m_Name
      value: rpgpp_lt_hill_small_01 (20)
      objectReference: {fileID: 0}
    - target: {fileID: 4557757265253404, guid: 5c9211eb71cff4f4996a21d92317f601, type: 3}
      propertyPath: m_LocalPosition.x
      value: -11.3
      objectReference: {fileID: 0}
    - target: {fileID: 4557757265253404, guid: 5c9211eb71cff4f4996a21d92317f601, type: 3}
      propertyPath: m_LocalPosition.y
      value: 0.026999995
      objectReference: {fileID: 0}
    - target: {fileID: 4557757265253404, guid: 5c9211eb71cff4f4996a21d92317f601, type: 3}
      propertyPath: m_LocalPosition.z
      value: 3.4300003
      objectReference: {fileID: 0}
    - target: {fileID: 4557757265253404, guid: 5c9211eb71cff4f4996a21d92317f601, type: 3}
      propertyPath: m_LocalRotation.x
      value: -0
      objectReference: {fileID: 0}
    - target: {fileID: 4557757265253404, guid: 5c9211eb71cff4f4996a21d92317f601, type: 3}
      propertyPath: m_LocalRotation.y
      value: -0.7998683
      objectReference: {fileID: 0}
    - target: {fileID: 4557757265253404, guid: 5c9211eb71cff4f4996a21d92317f601, type: 3}
      propertyPath: m_LocalRotation.z
      value: -0
      objectReference: {fileID: 0}
    - target: {fileID: 4557757265253404, guid: 5c9211eb71cff4f4996a21d92317f601, type: 3}
      propertyPath: m_LocalRotation.w
      value: 0.6001756
      objectReference: {fileID: 0}
    - target: {fileID: 4557757265253404, guid: 5c9211eb71cff4f4996a21d92317f601, type: 3}
      propertyPath: m_RootOrder
      value: 4
      objectReference: {fileID: 0}
    - target: {fileID: 4557757265253404, guid: 5c9211eb71cff4f4996a21d92317f601, type: 3}
      propertyPath: m_LocalEulerAnglesHint.x
      value: 0
      objectReference: {fileID: 0}
    - target: {fileID: 4557757265253404, guid: 5c9211eb71cff4f4996a21d92317f601, type: 3}
      propertyPath: m_LocalEulerAnglesHint.y
      value: -106.23501
      objectReference: {fileID: 0}
    - target: {fileID: 4557757265253404, guid: 5c9211eb71cff4f4996a21d92317f601, type: 3}
      propertyPath: m_LocalEulerAnglesHint.z
      value: 0
      objectReference: {fileID: 0}
    - target: {fileID: 4557757265253404, guid: 5c9211eb71cff4f4996a21d92317f601, type: 3}
      propertyPath: m_LocalScale.x
      value: 0.015000008
      objectReference: {fileID: 0}
    - target: {fileID: 4557757265253404, guid: 5c9211eb71cff4f4996a21d92317f601, type: 3}
      propertyPath: m_LocalScale.y
      value: 0.03
      objectReference: {fileID: 0}
    - target: {fileID: 4557757265253404, guid: 5c9211eb71cff4f4996a21d92317f601, type: 3}
      propertyPath: m_LocalScale.z
      value: 0.015000008
      objectReference: {fileID: 0}
    m_RemovedComponents: []
  m_SourcePrefab: {fileID: 100100000, guid: 5c9211eb71cff4f4996a21d92317f601, type: 3}
--- !u!4 &5467730072647487338 stripped
Transform:
  m_CorrespondingSourceObject: {fileID: 4557757265253404, guid: 5c9211eb71cff4f4996a21d92317f601,
    type: 3}
  m_PrefabInstance: {fileID: 5472285630796618614}
  m_PrefabAsset: {fileID: 0}
--- !u!1001 &5538472317200807197
PrefabInstance:
  m_ObjectHideFlags: 0
  serializedVersion: 2
  m_Modification:
    m_TransformParent: {fileID: 3861717128411048047}
    m_Modifications:
    - target: {fileID: 1733909988577898, guid: e88b7bb02ae149940a5a0cddf34fe370, type: 3}
      propertyPath: m_Name
      value: rpgpp_lt_grass_small_01b (76)
      objectReference: {fileID: 0}
    - target: {fileID: 4931211907768612, guid: e88b7bb02ae149940a5a0cddf34fe370, type: 3}
      propertyPath: m_LocalPosition.x
      value: -9.934
      objectReference: {fileID: 0}
    - target: {fileID: 4931211907768612, guid: e88b7bb02ae149940a5a0cddf34fe370, type: 3}
      propertyPath: m_LocalPosition.y
      value: -0.19500001
      objectReference: {fileID: 0}
    - target: {fileID: 4931211907768612, guid: e88b7bb02ae149940a5a0cddf34fe370, type: 3}
      propertyPath: m_LocalPosition.z
      value: 2.400999
      objectReference: {fileID: 0}
    - target: {fileID: 4931211907768612, guid: e88b7bb02ae149940a5a0cddf34fe370, type: 3}
      propertyPath: m_LocalRotation.x
      value: -0
      objectReference: {fileID: 0}
    - target: {fileID: 4931211907768612, guid: e88b7bb02ae149940a5a0cddf34fe370, type: 3}
      propertyPath: m_LocalRotation.y
      value: -0.8208762
      objectReference: {fileID: 0}
    - target: {fileID: 4931211907768612, guid: e88b7bb02ae149940a5a0cddf34fe370, type: 3}
      propertyPath: m_LocalRotation.z
      value: -0
      objectReference: {fileID: 0}
    - target: {fileID: 4931211907768612, guid: e88b7bb02ae149940a5a0cddf34fe370, type: 3}
      propertyPath: m_LocalRotation.w
      value: 0.5711062
      objectReference: {fileID: 0}
    - target: {fileID: 4931211907768612, guid: e88b7bb02ae149940a5a0cddf34fe370, type: 3}
      propertyPath: m_RootOrder
      value: 1
      objectReference: {fileID: 0}
    - target: {fileID: 4931211907768612, guid: e88b7bb02ae149940a5a0cddf34fe370, type: 3}
      propertyPath: m_LocalEulerAnglesHint.x
      value: 0
      objectReference: {fileID: 0}
    - target: {fileID: 4931211907768612, guid: e88b7bb02ae149940a5a0cddf34fe370, type: 3}
      propertyPath: m_LocalEulerAnglesHint.y
      value: -110.34501
      objectReference: {fileID: 0}
    - target: {fileID: 4931211907768612, guid: e88b7bb02ae149940a5a0cddf34fe370, type: 3}
      propertyPath: m_LocalEulerAnglesHint.z
      value: 0
      objectReference: {fileID: 0}
    - target: {fileID: 4931211907768612, guid: e88b7bb02ae149940a5a0cddf34fe370, type: 3}
      propertyPath: m_LocalScale.x
      value: 0.8
      objectReference: {fileID: 0}
    - target: {fileID: 4931211907768612, guid: e88b7bb02ae149940a5a0cddf34fe370, type: 3}
      propertyPath: m_LocalScale.y
      value: 0.8
      objectReference: {fileID: 0}
    - target: {fileID: 4931211907768612, guid: e88b7bb02ae149940a5a0cddf34fe370, type: 3}
      propertyPath: m_LocalScale.z
      value: 0.9
      objectReference: {fileID: 0}
    m_RemovedComponents: []
  m_SourcePrefab: {fileID: 100100000, guid: e88b7bb02ae149940a5a0cddf34fe370, type: 3}
--- !u!4 &5534114509398316089 stripped
Transform:
  m_CorrespondingSourceObject: {fileID: 4931211907768612, guid: e88b7bb02ae149940a5a0cddf34fe370,
    type: 3}
  m_PrefabInstance: {fileID: 5538472317200807197}
  m_PrefabAsset: {fileID: 0}
