%YAML 1.1
%TAG !u! tag:unity3d.com,2011:
--- !u!1 &3462196025170644253
GameObject:
  m_ObjectHideFlags: 0
  m_CorrespondingSourceObject: {fileID: 0}
  m_PrefabInstance: {fileID: 0}
  m_PrefabAsset: {fileID: 0}
  serializedVersion: 6
  m_Component:
  - component: {fileID: 1850408122594787558}
  m_Layer: 0
  m_Name: Sand wall detail 2
  m_TagString: Untagged
  m_Icon: {fileID: 0}
  m_NavMeshLayer: 0
  m_StaticEditorFlags: 0
  m_IsActive: 1
--- !u!4 &1850408122594787558
Transform:
  m_ObjectHideFlags: 0
  m_CorrespondingSourceObject: {fileID: 0}
  m_PrefabInstance: {fileID: 0}
  m_PrefabAsset: {fileID: 0}
  m_GameObject: {fileID: 3462196025170644253}
  m_LocalRotation: {x: -0, y: -0.7071068, z: -0, w: 0.7071068}
  m_LocalPosition: {x: 20, y: 0.2, z: 23}
  m_LocalScale: {x: 1, y: 1, z: 1}
  m_Children:
  - {fileID: 8291808369662391553}
  - {fileID: 581113270351097299}
  - {fileID: 1674190746308628053}
  - {fileID: 3600134350281879505}
  - {fileID: 4659023978362389872}
  - {fileID: 5162671841179223228}
  - {fileID: 3434410075051599200}
  m_Father: {fileID: 0}
  m_RootOrder: 0
  m_LocalEulerAnglesHint: {x: 0, y: 0, z: 0}
--- !u!1001 &576746187166174455
PrefabInstance:
  m_ObjectHideFlags: 0
  serializedVersion: 2
  m_Modification:
    m_TransformParent: {fileID: 1850408122594787558}
    m_Modifications:
    - target: {fileID: 1733909988577898, guid: e88b7bb02ae149940a5a0cddf34fe370, type: 3}
      propertyPath: m_Name
      value: rpgpp_lt_grass_small_01b (75)
      objectReference: {fileID: 0}
    - target: {fileID: 4931211907768612, guid: e88b7bb02ae149940a5a0cddf34fe370, type: 3}
      propertyPath: m_LocalPosition.x
      value: -13.810003
      objectReference: {fileID: 0}
    - target: {fileID: 4931211907768612, guid: e88b7bb02ae149940a5a0cddf34fe370, type: 3}
      propertyPath: m_LocalPosition.y
      value: -0.19500001
      objectReference: {fileID: 0}
    - target: {fileID: 4931211907768612, guid: e88b7bb02ae149940a5a0cddf34fe370, type: 3}
      propertyPath: m_LocalPosition.z
      value: -5.749999
      objectReference: {fileID: 0}
    - target: {fileID: 4931211907768612, guid: e88b7bb02ae149940a5a0cddf34fe370, type: 3}
      propertyPath: m_LocalRotation.x
      value: -0
      objectReference: {fileID: 0}
    - target: {fileID: 4931211907768612, guid: e88b7bb02ae149940a5a0cddf34fe370, type: 3}
      propertyPath: m_LocalRotation.y
      value: -0.17661405
      objectReference: {fileID: 0}
    - target: {fileID: 4931211907768612, guid: e88b7bb02ae149940a5a0cddf34fe370, type: 3}
      propertyPath: m_LocalRotation.z
      value: -0
      objectReference: {fileID: 0}
    - target: {fileID: 4931211907768612, guid: e88b7bb02ae149940a5a0cddf34fe370, type: 3}
      propertyPath: m_LocalRotation.w
      value: 0.9842802
      objectReference: {fileID: 0}
    - target: {fileID: 4931211907768612, guid: e88b7bb02ae149940a5a0cddf34fe370, type: 3}
      propertyPath: m_RootOrder
      value: 1
      objectReference: {fileID: 0}
    - target: {fileID: 4931211907768612, guid: e88b7bb02ae149940a5a0cddf34fe370, type: 3}
      propertyPath: m_LocalEulerAnglesHint.x
      value: 0
      objectReference: {fileID: 0}
    - target: {fileID: 4931211907768612, guid: e88b7bb02ae149940a5a0cddf34fe370, type: 3}
      propertyPath: m_LocalEulerAnglesHint.y
      value: -110.34501
      objectReference: {fileID: 0}
    - target: {fileID: 4931211907768612, guid: e88b7bb02ae149940a5a0cddf34fe370, type: 3}
      propertyPath: m_LocalEulerAnglesHint.z
      value: 0
      objectReference: {fileID: 0}
    - target: {fileID: 4931211907768612, guid: e88b7bb02ae149940a5a0cddf34fe370, type: 3}
      propertyPath: m_LocalScale.x
      value: 0.8000002
      objectReference: {fileID: 0}
    - target: {fileID: 4931211907768612, guid: e88b7bb02ae149940a5a0cddf34fe370, type: 3}
      propertyPath: m_LocalScale.y
      value: 0.8
      objectReference: {fileID: 0}
    - target: {fileID: 4931211907768612, guid: e88b7bb02ae149940a5a0cddf34fe370, type: 3}
      propertyPath: m_LocalScale.z
      value: 0.9000001
      objectReference: {fileID: 0}
    m_RemovedComponents: []
  m_SourcePrefab: {fileID: 100100000, guid: e88b7bb02ae149940a5a0cddf34fe370, type: 3}
--- !u!4 &581113270351097299 stripped
Transform:
  m_CorrespondingSourceObject: {fileID: 4931211907768612, guid: e88b7bb02ae149940a5a0cddf34fe370,
    type: 3}
  m_PrefabInstance: {fileID: 576746187166174455}
  m_PrefabAsset: {fileID: 0}
--- !u!1001 &1669269156738625393
PrefabInstance:
  m_ObjectHideFlags: 0
  serializedVersion: 2
  m_Modification:
    m_TransformParent: {fileID: 1850408122594787558}
    m_Modifications:
    - target: {fileID: 1733909988577898, guid: e88b7bb02ae149940a5a0cddf34fe370, type: 3}
      propertyPath: m_Name
      value: rpgpp_lt_grass_small_01b (76)
      objectReference: {fileID: 0}
    - target: {fileID: 4931211907768612, guid: e88b7bb02ae149940a5a0cddf34fe370, type: 3}
      propertyPath: m_LocalPosition.x
      value: -14.837481
      objectReference: {fileID: 0}
    - target: {fileID: 4931211907768612, guid: e88b7bb02ae149940a5a0cddf34fe370, type: 3}
      propertyPath: m_LocalPosition.y
      value: -0.19500001
      objectReference: {fileID: 0}
    - target: {fileID: 4931211907768612, guid: e88b7bb02ae149940a5a0cddf34fe370, type: 3}
      propertyPath: m_LocalPosition.z
      value: -3.617612
      objectReference: {fileID: 0}
    - target: {fileID: 4931211907768612, guid: e88b7bb02ae149940a5a0cddf34fe370, type: 3}
      propertyPath: m_LocalRotation.x
      value: -0
      objectReference: {fileID: 0}
    - target: {fileID: 4931211907768612, guid: e88b7bb02ae149940a5a0cddf34fe370, type: 3}
      propertyPath: m_LocalRotation.y
      value: -0.17661405
      objectReference: {fileID: 0}
    - target: {fileID: 4931211907768612, guid: e88b7bb02ae149940a5a0cddf34fe370, type: 3}
      propertyPath: m_LocalRotation.z
      value: -0
      objectReference: {fileID: 0}
    - target: {fileID: 4931211907768612, guid: e88b7bb02ae149940a5a0cddf34fe370, type: 3}
      propertyPath: m_LocalRotation.w
      value: 0.9842802
      objectReference: {fileID: 0}
    - target: {fileID: 4931211907768612, guid: e88b7bb02ae149940a5a0cddf34fe370, type: 3}
      propertyPath: m_RootOrder
      value: 2
      objectReference: {fileID: 0}
    - target: {fileID: 4931211907768612, guid: e88b7bb02ae149940a5a0cddf34fe370, type: 3}
      propertyPath: m_LocalEulerAnglesHint.x
      value: 0
      objectReference: {fileID: 0}
    - target: {fileID: 4931211907768612, guid: e88b7bb02ae149940a5a0cddf34fe370, type: 3}
      propertyPath: m_LocalEulerAnglesHint.y
      value: -110.34501
      objectReference: {fileID: 0}
    - target: {fileID: 4931211907768612, guid: e88b7bb02ae149940a5a0cddf34fe370, type: 3}
      propertyPath: m_LocalEulerAnglesHint.z
      value: 0
      objectReference: {fileID: 0}
    - target: {fileID: 4931211907768612, guid: e88b7bb02ae149940a5a0cddf34fe370, type: 3}
      propertyPath: m_LocalScale.x
      value: 0.8000002
      objectReference: {fileID: 0}
    - target: {fileID: 4931211907768612, guid: e88b7bb02ae149940a5a0cddf34fe370, type: 3}
      propertyPath: m_LocalScale.y
      value: 0.8
      objectReference: {fileID: 0}
    - target: {fileID: 4931211907768612, guid: e88b7bb02ae149940a5a0cddf34fe370, type: 3}
      propertyPath: m_LocalScale.z
      value: 0.9000001
      objectReference: {fileID: 0}
    m_RemovedComponents: []
  m_SourcePrefab: {fileID: 100100000, guid: e88b7bb02ae149940a5a0cddf34fe370, type: 3}
--- !u!4 &1674190746308628053 stripped
Transform:
  m_CorrespondingSourceObject: {fileID: 4931211907768612, guid: e88b7bb02ae149940a5a0cddf34fe370,
    type: 3}
  m_PrefabInstance: {fileID: 1669269156738625393}
  m_PrefabAsset: {fileID: 0}
--- !u!1001 &3375472693138757716
PrefabInstance:
  m_ObjectHideFlags: 0
  serializedVersion: 2
  m_Modification:
    m_TransformParent: {fileID: 1850408122594787558}
    m_Modifications:
    - target: {fileID: 7601346267195687112, guid: 10e9318c2c827df4c864e64916812dcf,
        type: 3}
      propertyPath: m_Name
      value: Rock 2 (56)
      objectReference: {fileID: 0}
    - target: {fileID: 7601346267195687112, guid: 10e9318c2c827df4c864e64916812dcf,
        type: 3}
      propertyPath: m_Layer
      value: 0
      objectReference: {fileID: 0}
    - target: {fileID: 7601346267196120296, guid: 10e9318c2c827df4c864e64916812dcf,
        type: 3}
      propertyPath: m_LocalPosition.x
      value: -13.608881
      objectReference: {fileID: 0}
    - target: {fileID: 7601346267196120296, guid: 10e9318c2c827df4c864e64916812dcf,
        type: 3}
      propertyPath: m_LocalPosition.y
      value: -0.19500001
      objectReference: {fileID: 0}
    - target: {fileID: 7601346267196120296, guid: 10e9318c2c827df4c864e64916812dcf,
        type: 3}
      propertyPath: m_LocalPosition.z
      value: -5.2684336
      objectReference: {fileID: 0}
    - target: {fileID: 7601346267196120296, guid: 10e9318c2c827df4c864e64916812dcf,
        type: 3}
      propertyPath: m_LocalRotation.x
      value: -0
      objectReference: {fileID: 0}
    - target: {fileID: 7601346267196120296, guid: 10e9318c2c827df4c864e64916812dcf,
        type: 3}
      propertyPath: m_LocalRotation.y
      value: -0.17661405
      objectReference: {fileID: 0}
    - target: {fileID: 7601346267196120296, guid: 10e9318c2c827df4c864e64916812dcf,
        type: 3}
      propertyPath: m_LocalRotation.z
      value: -0
      objectReference: {fileID: 0}
    - target: {fileID: 7601346267196120296, guid: 10e9318c2c827df4c864e64916812dcf,
        type: 3}
      propertyPath: m_LocalRotation.w
      value: 0.9842802
      objectReference: {fileID: 0}
    - target: {fileID: 7601346267196120296, guid: 10e9318c2c827df4c864e64916812dcf,
        type: 3}
      propertyPath: m_RootOrder
      value: 5
      objectReference: {fileID: 0}
    - target: {fileID: 7601346267196120296, guid: 10e9318c2c827df4c864e64916812dcf,
        type: 3}
      propertyPath: m_LocalEulerAnglesHint.x
      value: 0
      objectReference: {fileID: 0}
    - target: {fileID: 7601346267196120296, guid: 10e9318c2c827df4c864e64916812dcf,
        type: 3}
      propertyPath: m_LocalEulerAnglesHint.y
      value: -110.34501
      objectReference: {fileID: 0}
    - target: {fileID: 7601346267196120296, guid: 10e9318c2c827df4c864e64916812dcf,
        type: 3}
      propertyPath: m_LocalEulerAnglesHint.z
      value: 0
      objectReference: {fileID: 0}
    m_RemovedComponents: []
  m_SourcePrefab: {fileID: 100100000, guid: 10e9318c2c827df4c864e64916812dcf, type: 3}
--- !u!4 &5162671841179223228 stripped
Transform:
  m_CorrespondingSourceObject: {fileID: 7601346267196120296, guid: 10e9318c2c827df4c864e64916812dcf,
    type: 3}
  m_PrefabInstance: {fileID: 3375472693138757716}
  m_PrefabAsset: {fileID: 0}
--- !u!1001 &3600134350282011555
PrefabInstance:
  m_ObjectHideFlags: 0
  serializedVersion: 2
  m_Modification:
    m_TransformParent: {fileID: 1850408122594787558}
    m_Modifications:
    - target: {fileID: 139618, guid: f1f3c8bba3f110d43851b9acbbc52891, type: 3}
      propertyPath: m_Name
      value: Grass (94)
      objectReference: {fileID: 0}
    - target: {fileID: 400498, guid: f1f3c8bba3f110d43851b9acbbc52891, type: 3}
      propertyPath: m_LocalPosition.x
      value: -14.4850025
      objectReference: {fileID: 0}
    - target: {fileID: 400498, guid: f1f3c8bba3f110d43851b9acbbc52891, type: 3}
      propertyPath: m_LocalPosition.y
      value: -0.19000001
      objectReference: {fileID: 0}
    - target: {fileID: 400498, guid: f1f3c8bba3f110d43851b9acbbc52891, type: 3}
      propertyPath: m_LocalPosition.z
      value: -5.679
      objectReference: {fileID: 0}
    - target: {fileID: 400498, guid: f1f3c8bba3f110d43851b9acbbc52891, type: 3}
      propertyPath: m_LocalRotation.x
      value: 0.00000002151213
      objectReference: {fileID: 0}
    - target: {fileID: 400498, guid: f1f3c8bba3f110d43851b9acbbc52891, type: 3}
      propertyPath: m_LocalRotation.y
      value: -0.17661405
      objectReference: {fileID: 0}
    - target: {fileID: 400498, guid: f1f3c8bba3f110d43851b9acbbc52891, type: 3}
      propertyPath: m_LocalRotation.z
      value: 0.000000003860018
      objectReference: {fileID: 0}
    - target: {fileID: 400498, guid: f1f3c8bba3f110d43851b9acbbc52891, type: 3}
      propertyPath: m_LocalRotation.w
      value: 0.9842802
      objectReference: {fileID: 0}
    - target: {fileID: 400498, guid: f1f3c8bba3f110d43851b9acbbc52891, type: 3}
      propertyPath: m_RootOrder
      value: 3
      objectReference: {fileID: 0}
    - target: {fileID: 400498, guid: f1f3c8bba3f110d43851b9acbbc52891, type: 3}
      propertyPath: m_LocalEulerAnglesHint.x
      value: 0
      objectReference: {fileID: 0}
    - target: {fileID: 400498, guid: f1f3c8bba3f110d43851b9acbbc52891, type: 3}
      propertyPath: m_LocalEulerAnglesHint.y
      value: -110.34501
      objectReference: {fileID: 0}
    - target: {fileID: 400498, guid: f1f3c8bba3f110d43851b9acbbc52891, type: 3}
      propertyPath: m_LocalEulerAnglesHint.z
      value: 0
      objectReference: {fileID: 0}
    m_RemovedComponents:
    - {fileID: 6469858, guid: f1f3c8bba3f110d43851b9acbbc52891, type: 3}
  m_SourcePrefab: {fileID: 100100000, guid: f1f3c8bba3f110d43851b9acbbc52891, type: 3}
--- !u!4 &3600134350281879505 stripped
Transform:
  m_CorrespondingSourceObject: {fileID: 400498, guid: f1f3c8bba3f110d43851b9acbbc52891,
    type: 3}
  m_PrefabInstance: {fileID: 3600134350282011555}
  m_PrefabAsset: {fileID: 0}
--- !u!1001 &4659023978362749596
PrefabInstance:
  m_ObjectHideFlags: 0
  serializedVersion: 2
  m_Modification:
    m_TransformParent: {fileID: 1850408122594787558}
    m_Modifications:
    - target: {fileID: 116212, guid: 237fc278131d8dc4c9dd556f706cd958, type: 3}
      propertyPath: m_Name
      value: Rock (32)
      objectReference: {fileID: 0}
    - target: {fileID: 493548, guid: 237fc278131d8dc4c9dd556f706cd958, type: 3}
      propertyPath: m_LocalPosition.x
      value: -13.724003
      objectReference: {fileID: 0}
    - target: {fileID: 493548, guid: 237fc278131d8dc4c9dd556f706cd958, type: 3}
      propertyPath: m_LocalPosition.y
      value: -0.049999997
      objectReference: {fileID: 0}
    - target: {fileID: 493548, guid: 237fc278131d8dc4c9dd556f706cd958, type: 3}
      propertyPath: m_LocalPosition.z
      value: -3.211999
      objectReference: {fileID: 0}
    - target: {fileID: 493548, guid: 237fc278131d8dc4c9dd556f706cd958, type: 3}
      propertyPath: m_LocalRotation.x
      value: 0.00000002151213
      objectReference: {fileID: 0}
    - target: {fileID: 493548, guid: 237fc278131d8dc4c9dd556f706cd958, type: 3}
      propertyPath: m_LocalRotation.y
      value: -0.17661405
      objectReference: {fileID: 0}
    - target: {fileID: 493548, guid: 237fc278131d8dc4c9dd556f706cd958, type: 3}
      propertyPath: m_LocalRotation.z
      value: 0.000000003860018
      objectReference: {fileID: 0}
    - target: {fileID: 493548, guid: 237fc278131d8dc4c9dd556f706cd958, type: 3}
      propertyPath: m_LocalRotation.w
      value: 0.9842802
      objectReference: {fileID: 0}
    - target: {fileID: 493548, guid: 237fc278131d8dc4c9dd556f706cd958, type: 3}
      propertyPath: m_RootOrder
      value: 4
      objectReference: {fileID: 0}
    - target: {fileID: 493548, guid: 237fc278131d8dc4c9dd556f706cd958, type: 3}
      propertyPath: m_LocalEulerAnglesHint.x
      value: 0
      objectReference: {fileID: 0}
    - target: {fileID: 493548, guid: 237fc278131d8dc4c9dd556f706cd958, type: 3}
      propertyPath: m_LocalEulerAnglesHint.y
      value: -110.34501
      objectReference: {fileID: 0}
    - target: {fileID: 493548, guid: 237fc278131d8dc4c9dd556f706cd958, type: 3}
      propertyPath: m_LocalEulerAnglesHint.z
      value: 0
      objectReference: {fileID: 0}
    m_RemovedComponents:
    - {fileID: 6453068, guid: 237fc278131d8dc4c9dd556f706cd958, type: 3}
  m_SourcePrefab: {fileID: 100100000, guid: 237fc278131d8dc4c9dd556f706cd958, type: 3}
--- !u!4 &4659023978362389872 stripped
Transform:
  m_CorrespondingSourceObject: {fileID: 493548, guid: 237fc278131d8dc4c9dd556f706cd958,
    type: 3}
  m_PrefabInstance: {fileID: 4659023978362749596}
  m_PrefabAsset: {fileID: 0}
--- !u!1001 &5103723984613964168
PrefabInstance:
  m_ObjectHideFlags: 0
  serializedVersion: 2
  m_Modification:
    m_TransformParent: {fileID: 1850408122594787558}
    m_Modifications:
    - target: {fileID: 7601346267195687112, guid: 10e9318c2c827df4c864e64916812dcf,
        type: 3}
      propertyPath: m_Name
      value: Rock 2 (57)
      objectReference: {fileID: 0}
    - target: {fileID: 7601346267195687112, guid: 10e9318c2c827df4c864e64916812dcf,
        type: 3}
      propertyPath: m_Layer
      value: 0
      objectReference: {fileID: 0}
    - target: {fileID: 7601346267196120296, guid: 10e9318c2c827df4c864e64916812dcf,
        type: 3}
      propertyPath: m_LocalPosition.x
      value: -13.840002
      objectReference: {fileID: 0}
    - target: {fileID: 7601346267196120296, guid: 10e9318c2c827df4c864e64916812dcf,
        type: 3}
      propertyPath: m_LocalPosition.y
      value: -0.19500001
      objectReference: {fileID: 0}
    - target: {fileID: 7601346267196120296, guid: 10e9318c2c827df4c864e64916812dcf,
        type: 3}
      propertyPath: m_LocalPosition.z
      value: -2.8659973
      objectReference: {fileID: 0}
    - target: {fileID: 7601346267196120296, guid: 10e9318c2c827df4c864e64916812dcf,
        type: 3}
      propertyPath: m_LocalRotation.x
      value: -0
      objectReference: {fileID: 0}
    - target: {fileID: 7601346267196120296, guid: 10e9318c2c827df4c864e64916812dcf,
        type: 3}
      propertyPath: m_LocalRotation.y
      value: -0.17661405
      objectReference: {fileID: 0}
    - target: {fileID: 7601346267196120296, guid: 10e9318c2c827df4c864e64916812dcf,
        type: 3}
      propertyPath: m_LocalRotation.z
      value: -0
      objectReference: {fileID: 0}
    - target: {fileID: 7601346267196120296, guid: 10e9318c2c827df4c864e64916812dcf,
        type: 3}
      propertyPath: m_LocalRotation.w
      value: 0.9842802
      objectReference: {fileID: 0}
    - target: {fileID: 7601346267196120296, guid: 10e9318c2c827df4c864e64916812dcf,
        type: 3}
      propertyPath: m_RootOrder
      value: 6
      objectReference: {fileID: 0}
    - target: {fileID: 7601346267196120296, guid: 10e9318c2c827df4c864e64916812dcf,
        type: 3}
      propertyPath: m_LocalEulerAnglesHint.x
      value: 0
      objectReference: {fileID: 0}
    - target: {fileID: 7601346267196120296, guid: 10e9318c2c827df4c864e64916812dcf,
        type: 3}
      propertyPath: m_LocalEulerAnglesHint.y
      value: -110.34501
      objectReference: {fileID: 0}
    - target: {fileID: 7601346267196120296, guid: 10e9318c2c827df4c864e64916812dcf,
        type: 3}
      propertyPath: m_LocalEulerAnglesHint.z
      value: 0
      objectReference: {fileID: 0}
    m_RemovedComponents: []
  m_SourcePrefab: {fileID: 100100000, guid: 10e9318c2c827df4c864e64916812dcf, type: 3}
--- !u!4 &3434410075051599200 stripped
Transform:
  m_CorrespondingSourceObject: {fileID: 7601346267196120296, guid: 10e9318c2c827df4c864e64916812dcf,
    type: 3}
  m_PrefabInstance: {fileID: 5103723984613964168}
  m_PrefabAsset: {fileID: 0}
--- !u!1001 &8287744351770991893
PrefabInstance:
  m_ObjectHideFlags: 0
  serializedVersion: 2
  m_Modification:
    m_TransformParent: {fileID: 1850408122594787558}
    m_Modifications:
    - target: {fileID: 1385124323689208, guid: e7489574cca6d4645a7019414b8288e8, type: 3}
      propertyPath: m_Name
      value: rpgpp_lt_terrain_sand_01 (11)
      objectReference: {fileID: 0}
    - target: {fileID: 4943765590059028, guid: e7489574cca6d4645a7019414b8288e8, type: 3}
      propertyPath: m_LocalPosition.x
      value: -14.11128
      objectReference: {fileID: 0}
    - target: {fileID: 4943765590059028, guid: e7489574cca6d4645a7019414b8288e8, type: 3}
      propertyPath: m_LocalPosition.y
      value: -0.16000001
      objectReference: {fileID: 0}
    - target: {fileID: 4943765590059028, guid: e7489574cca6d4645a7019414b8288e8, type: 3}
      propertyPath: m_LocalPosition.z
      value: -4.4255238
      objectReference: {fileID: 0}
    - target: {fileID: 4943765590059028, guid: e7489574cca6d4645a7019414b8288e8, type: 3}
      propertyPath: m_LocalRotation.x
      value: -0
      objectReference: {fileID: 0}
    - target: {fileID: 4943765590059028, guid: e7489574cca6d4645a7019414b8288e8, type: 3}
      propertyPath: m_LocalRotation.y
      value: -0.17661405
      objectReference: {fileID: 0}
    - target: {fileID: 4943765590059028, guid: e7489574cca6d4645a7019414b8288e8, type: 3}
      propertyPath: m_LocalRotation.z
      value: -0
      objectReference: {fileID: 0}
    - target: {fileID: 4943765590059028, guid: e7489574cca6d4645a7019414b8288e8, type: 3}
      propertyPath: m_LocalRotation.w
      value: 0.9842802
      objectReference: {fileID: 0}
    - target: {fileID: 4943765590059028, guid: e7489574cca6d4645a7019414b8288e8, type: 3}
      propertyPath: m_RootOrder
      value: 0
      objectReference: {fileID: 0}
    - target: {fileID: 4943765590059028, guid: e7489574cca6d4645a7019414b8288e8, type: 3}
      propertyPath: m_LocalEulerAnglesHint.x
      value: 0
      objectReference: {fileID: 0}
    - target: {fileID: 4943765590059028, guid: e7489574cca6d4645a7019414b8288e8, type: 3}
      propertyPath: m_LocalEulerAnglesHint.y
      value: -110.34501
      objectReference: {fileID: 0}
    - target: {fileID: 4943765590059028, guid: e7489574cca6d4645a7019414b8288e8, type: 3}
      propertyPath: m_LocalEulerAnglesHint.z
      value: 0
      objectReference: {fileID: 0}
    - target: {fileID: 4943765590059028, guid: e7489574cca6d4645a7019414b8288e8, type: 3}
      propertyPath: m_LocalScale.x
      value: 0.20000005
      objectReference: {fileID: 0}
    - target: {fileID: 4943765590059028, guid: e7489574cca6d4645a7019414b8288e8, type: 3}
      propertyPath: m_LocalScale.y
      value: 0.2
      objectReference: {fileID: 0}
    - target: {fileID: 4943765590059028, guid: e7489574cca6d4645a7019414b8288e8, type: 3}
      propertyPath: m_LocalScale.z
      value: 0.20000005
      objectReference: {fileID: 0}
    m_RemovedComponents: []
  m_SourcePrefab: {fileID: 100100000, guid: e7489574cca6d4645a7019414b8288e8, type: 3}
--- !u!4 &8291808369662391553 stripped
Transform:
  m_CorrespondingSourceObject: {fileID: 4943765590059028, guid: e7489574cca6d4645a7019414b8288e8,
    type: 3}
  m_PrefabInstance: {fileID: 8287744351770991893}
  m_PrefabAsset: {fileID: 0}
