%YAML 1.1
%TAG !u! tag:unity3d.com,2011:
--- !u!1 &3590465817596151645
GameObject:
  m_ObjectHideFlags: 0
  m_CorrespondingSourceObject: {fileID: 0}
  m_PrefabInstance: {fileID: 0}
  m_PrefabAsset: {fileID: 0}
  serializedVersion: 6
  m_Component:
  - component: {fileID: 7391924798002248356}
  m_Layer: 0
  m_Name: Sand wall detail 1
  m_TagString: Untagged
  m_Icon: {fileID: 0}
  m_NavMeshLayer: 0
  m_StaticEditorFlags: 0
  m_IsActive: 1
--- !u!4 &7391924798002248356
Transform:
  m_ObjectHideFlags: 0
  m_CorrespondingSourceObject: {fileID: 0}
  m_PrefabInstance: {fileID: 0}
  m_PrefabAsset: {fileID: 0}
  m_GameObject: {fileID: 3590465817596151645}
  m_LocalRotation: {x: 0, y: 0, z: 0, w: 1}
  m_LocalPosition: {x: 19.73864, y: -8.27791, z: 17.130625}
  m_LocalScale: {x: 1, y: 1, z: 1}
  m_Children:
  - {fileID: 7190148402337882415}
  - {fileID: 7765681734711323660}
  - {fileID: 2486210492683468668}
  - {fileID: 3846851859810737113}
  - {fileID: 2833632619756789188}
  - {fileID: 2291413661485467178}
  - {fileID: 1267120689027257290}
  - {fileID: 7480655562020025485}
  - {fileID: 2319322694385135278}
  - {fileID: 5471731209538627843}
  m_Father: {fileID: 0}
  m_RootOrder: 0
  m_LocalEulerAnglesHint: {x: 0, y: 0, z: 0}
--- !u!1001 &1267120689027125176
PrefabInstance:
  m_ObjectHideFlags: 0
  serializedVersion: 2
  m_Modification:
    m_TransformParent: {fileID: 7391924798002248356}
    m_Modifications:
    - target: {fileID: 139618, guid: f1f3c8bba3f110d43851b9acbbc52891, type: 3}
      propertyPath: m_Name
      value: Grass (19)
      objectReference: {fileID: 0}
    - target: {fileID: 400498, guid: f1f3c8bba3f110d43851b9acbbc52891, type: 3}
      propertyPath: m_LocalPosition.x
      value: -6.4856396
      objectReference: {fileID: 0}
    - target: {fileID: 400498, guid: f1f3c8bba3f110d43851b9acbbc52891, type: 3}
      propertyPath: m_LocalPosition.y
      value: 8.28791
      objectReference: {fileID: 0}
    - target: {fileID: 400498, guid: f1f3c8bba3f110d43851b9acbbc52891, type: 3}
      propertyPath: m_LocalPosition.z
      value: -3.6446247
      objectReference: {fileID: 0}
    - target: {fileID: 400498, guid: f1f3c8bba3f110d43851b9acbbc52891, type: 3}
      propertyPath: m_LocalRotation.x
      value: 0.0000000218557
      objectReference: {fileID: 0}
    - target: {fileID: 400498, guid: f1f3c8bba3f110d43851b9acbbc52891, type: 3}
      propertyPath: m_LocalRotation.y
      value: -0
      objectReference: {fileID: 0}
    - target: {fileID: 400498, guid: f1f3c8bba3f110d43851b9acbbc52891, type: 3}
      propertyPath: m_LocalRotation.z
      value: -0
      objectReference: {fileID: 0}
    - target: {fileID: 400498, guid: f1f3c8bba3f110d43851b9acbbc52891, type: 3}
      propertyPath: m_LocalRotation.w
      value: 1
      objectReference: {fileID: 0}
    - target: {fileID: 400498, guid: f1f3c8bba3f110d43851b9acbbc52891, type: 3}
      propertyPath: m_RootOrder
      value: 6
      objectReference: {fileID: 0}
    - target: {fileID: 400498, guid: f1f3c8bba3f110d43851b9acbbc52891, type: 3}
      propertyPath: m_LocalEulerAnglesHint.x
      value: 0
      objectReference: {fileID: 0}
    - target: {fileID: 400498, guid: f1f3c8bba3f110d43851b9acbbc52891, type: 3}
      propertyPath: m_LocalEulerAnglesHint.y
      value: 0
      objectReference: {fileID: 0}
    - target: {fileID: 400498, guid: f1f3c8bba3f110d43851b9acbbc52891, type: 3}
      propertyPath: m_LocalEulerAnglesHint.z
      value: 0
      objectReference: {fileID: 0}
    m_RemovedComponents:
    - {fileID: 6469858, guid: f1f3c8bba3f110d43851b9acbbc52891, type: 3}
  m_SourcePrefab: {fileID: 100100000, guid: f1f3c8bba3f110d43851b9acbbc52891, type: 3}
--- !u!4 &1267120689027257290 stripped
Transform:
  m_CorrespondingSourceObject: {fileID: 400498, guid: f1f3c8bba3f110d43851b9acbbc52891,
    type: 3}
  m_PrefabInstance: {fileID: 1267120689027125176}
  m_PrefabAsset: {fileID: 0}
--- !u!1001 &2291413661485865560
PrefabInstance:
  m_ObjectHideFlags: 0
  serializedVersion: 2
  m_Modification:
    m_TransformParent: {fileID: 7391924798002248356}
    m_Modifications:
    - target: {fileID: 139618, guid: f1f3c8bba3f110d43851b9acbbc52891, type: 3}
      propertyPath: m_Name
      value: Grass (18)
      objectReference: {fileID: 0}
    - target: {fileID: 400498, guid: f1f3c8bba3f110d43851b9acbbc52891, type: 3}
      propertyPath: m_LocalPosition.x
      value: -5.9686394
      objectReference: {fileID: 0}
    - target: {fileID: 400498, guid: f1f3c8bba3f110d43851b9acbbc52891, type: 3}
      propertyPath: m_LocalPosition.y
      value: 8.28791
      objectReference: {fileID: 0}
    - target: {fileID: 400498, guid: f1f3c8bba3f110d43851b9acbbc52891, type: 3}
      propertyPath: m_LocalPosition.z
      value: -2.7216244
      objectReference: {fileID: 0}
    - target: {fileID: 400498, guid: f1f3c8bba3f110d43851b9acbbc52891, type: 3}
      propertyPath: m_LocalRotation.x
      value: 0.0000000218557
      objectReference: {fileID: 0}
    - target: {fileID: 400498, guid: f1f3c8bba3f110d43851b9acbbc52891, type: 3}
      propertyPath: m_LocalRotation.y
      value: -0
      objectReference: {fileID: 0}
    - target: {fileID: 400498, guid: f1f3c8bba3f110d43851b9acbbc52891, type: 3}
      propertyPath: m_LocalRotation.z
      value: -0
      objectReference: {fileID: 0}
    - target: {fileID: 400498, guid: f1f3c8bba3f110d43851b9acbbc52891, type: 3}
      propertyPath: m_LocalRotation.w
      value: 1
      objectReference: {fileID: 0}
    - target: {fileID: 400498, guid: f1f3c8bba3f110d43851b9acbbc52891, type: 3}
      propertyPath: m_RootOrder
      value: 5
      objectReference: {fileID: 0}
    - target: {fileID: 400498, guid: f1f3c8bba3f110d43851b9acbbc52891, type: 3}
      propertyPath: m_LocalEulerAnglesHint.x
      value: 0
      objectReference: {fileID: 0}
    - target: {fileID: 400498, guid: f1f3c8bba3f110d43851b9acbbc52891, type: 3}
      propertyPath: m_LocalEulerAnglesHint.y
      value: 0
      objectReference: {fileID: 0}
    - target: {fileID: 400498, guid: f1f3c8bba3f110d43851b9acbbc52891, type: 3}
      propertyPath: m_LocalEulerAnglesHint.z
      value: 0
      objectReference: {fileID: 0}
    m_RemovedComponents:
    - {fileID: 6469858, guid: f1f3c8bba3f110d43851b9acbbc52891, type: 3}
  m_SourcePrefab: {fileID: 100100000, guid: f1f3c8bba3f110d43851b9acbbc52891, type: 3}
--- !u!4 &2291413661485467178 stripped
Transform:
  m_CorrespondingSourceObject: {fileID: 400498, guid: f1f3c8bba3f110d43851b9acbbc52891,
    type: 3}
  m_PrefabInstance: {fileID: 2291413661485865560}
  m_PrefabAsset: {fileID: 0}
--- !u!1001 &2490859671132053080
PrefabInstance:
  m_ObjectHideFlags: 0
  serializedVersion: 2
  m_Modification:
    m_TransformParent: {fileID: 7391924798002248356}
    m_Modifications:
    - target: {fileID: 1733909988577898, guid: e88b7bb02ae149940a5a0cddf34fe370, type: 3}
      propertyPath: m_Name
      value: rpgpp_lt_grass_small_01b (13)
      objectReference: {fileID: 0}
    - target: {fileID: 4931211907768612, guid: e88b7bb02ae149940a5a0cddf34fe370, type: 3}
      propertyPath: m_LocalPosition.x
      value: -6.02864
      objectReference: {fileID: 0}
    - target: {fileID: 4931211907768612, guid: e88b7bb02ae149940a5a0cddf34fe370, type: 3}
      propertyPath: m_LocalPosition.y
      value: 8.28291
      objectReference: {fileID: 0}
    - target: {fileID: 4931211907768612, guid: e88b7bb02ae149940a5a0cddf34fe370, type: 3}
      propertyPath: m_LocalPosition.z
      value: -3.180625
      objectReference: {fileID: 0}
    - target: {fileID: 4931211907768612, guid: e88b7bb02ae149940a5a0cddf34fe370, type: 3}
      propertyPath: m_LocalRotation.x
      value: -0
      objectReference: {fileID: 0}
    - target: {fileID: 4931211907768612, guid: e88b7bb02ae149940a5a0cddf34fe370, type: 3}
      propertyPath: m_LocalRotation.y
      value: -0
      objectReference: {fileID: 0}
    - target: {fileID: 4931211907768612, guid: e88b7bb02ae149940a5a0cddf34fe370, type: 3}
      propertyPath: m_LocalRotation.z
      value: -0
      objectReference: {fileID: 0}
    - target: {fileID: 4931211907768612, guid: e88b7bb02ae149940a5a0cddf34fe370, type: 3}
      propertyPath: m_LocalRotation.w
      value: 1
      objectReference: {fileID: 0}
    - target: {fileID: 4931211907768612, guid: e88b7bb02ae149940a5a0cddf34fe370, type: 3}
      propertyPath: m_RootOrder
      value: 2
      objectReference: {fileID: 0}
    - target: {fileID: 4931211907768612, guid: e88b7bb02ae149940a5a0cddf34fe370, type: 3}
      propertyPath: m_LocalEulerAnglesHint.x
      value: 0
      objectReference: {fileID: 0}
    - target: {fileID: 4931211907768612, guid: e88b7bb02ae149940a5a0cddf34fe370, type: 3}
      propertyPath: m_LocalEulerAnglesHint.y
      value: 0
      objectReference: {fileID: 0}
    - target: {fileID: 4931211907768612, guid: e88b7bb02ae149940a5a0cddf34fe370, type: 3}
      propertyPath: m_LocalEulerAnglesHint.z
      value: 0
      objectReference: {fileID: 0}
    - target: {fileID: 4931211907768612, guid: e88b7bb02ae149940a5a0cddf34fe370, type: 3}
      propertyPath: m_LocalScale.x
      value: 0.8
      objectReference: {fileID: 0}
    - target: {fileID: 4931211907768612, guid: e88b7bb02ae149940a5a0cddf34fe370, type: 3}
      propertyPath: m_LocalScale.y
      value: 0.8
      objectReference: {fileID: 0}
    - target: {fileID: 4931211907768612, guid: e88b7bb02ae149940a5a0cddf34fe370, type: 3}
      propertyPath: m_LocalScale.z
      value: 0.9
      objectReference: {fileID: 0}
    m_RemovedComponents: []
  m_SourcePrefab: {fileID: 100100000, guid: e88b7bb02ae149940a5a0cddf34fe370, type: 3}
--- !u!4 &2486210492683468668 stripped
Transform:
  m_CorrespondingSourceObject: {fileID: 4931211907768612, guid: e88b7bb02ae149940a5a0cddf34fe370,
    type: 3}
  m_PrefabInstance: {fileID: 2490859671132053080}
  m_PrefabAsset: {fileID: 0}
--- !u!1001 &2491078435036771819
PrefabInstance:
  m_ObjectHideFlags: 0
  serializedVersion: 2
  m_Modification:
    m_TransformParent: {fileID: 7391924798002248356}
    m_Modifications:
    - target: {fileID: 7601346267195687112, guid: 10e9318c2c827df4c864e64916812dcf,
        type: 3}
      propertyPath: m_Name
      value: Rock 2 (3)
      objectReference: {fileID: 0}
    - target: {fileID: 7601346267195687112, guid: 10e9318c2c827df4c864e64916812dcf,
        type: 3}
      propertyPath: m_Layer
      value: 0
      objectReference: {fileID: 0}
    - target: {fileID: 7601346267196120296, guid: 10e9318c2c827df4c864e64916812dcf,
        type: 3}
      propertyPath: m_LocalPosition.x
      value: -5.4946394
      objectReference: {fileID: 0}
    - target: {fileID: 7601346267196120296, guid: 10e9318c2c827df4c864e64916812dcf,
        type: 3}
      propertyPath: m_LocalPosition.y
      value: 8.28291
      objectReference: {fileID: 0}
    - target: {fileID: 7601346267196120296, guid: 10e9318c2c827df4c864e64916812dcf,
        type: 3}
      propertyPath: m_LocalPosition.z
      value: -2.5386248
      objectReference: {fileID: 0}
    - target: {fileID: 7601346267196120296, guid: 10e9318c2c827df4c864e64916812dcf,
        type: 3}
      propertyPath: m_LocalRotation.x
      value: -0
      objectReference: {fileID: 0}
    - target: {fileID: 7601346267196120296, guid: 10e9318c2c827df4c864e64916812dcf,
        type: 3}
      propertyPath: m_LocalRotation.y
      value: -0
      objectReference: {fileID: 0}
    - target: {fileID: 7601346267196120296, guid: 10e9318c2c827df4c864e64916812dcf,
        type: 3}
      propertyPath: m_LocalRotation.z
      value: -0
      objectReference: {fileID: 0}
    - target: {fileID: 7601346267196120296, guid: 10e9318c2c827df4c864e64916812dcf,
        type: 3}
      propertyPath: m_LocalRotation.w
      value: 1
      objectReference: {fileID: 0}
    - target: {fileID: 7601346267196120296, guid: 10e9318c2c827df4c864e64916812dcf,
        type: 3}
      propertyPath: m_RootOrder
      value: 9
      objectReference: {fileID: 0}
    - target: {fileID: 7601346267196120296, guid: 10e9318c2c827df4c864e64916812dcf,
        type: 3}
      propertyPath: m_LocalEulerAnglesHint.x
      value: 0
      objectReference: {fileID: 0}
    - target: {fileID: 7601346267196120296, guid: 10e9318c2c827df4c864e64916812dcf,
        type: 3}
      propertyPath: m_LocalEulerAnglesHint.y
      value: 0
      objectReference: {fileID: 0}
    - target: {fileID: 7601346267196120296, guid: 10e9318c2c827df4c864e64916812dcf,
        type: 3}
      propertyPath: m_LocalEulerAnglesHint.z
      value: 0
      objectReference: {fileID: 0}
    m_RemovedComponents: []
  m_SourcePrefab: {fileID: 100100000, guid: 10e9318c2c827df4c864e64916812dcf, type: 3}
--- !u!4 &5471731209538627843 stripped
Transform:
  m_CorrespondingSourceObject: {fileID: 7601346267196120296, guid: 10e9318c2c827df4c864e64916812dcf,
    type: 3}
  m_PrefabInstance: {fileID: 2491078435036771819}
  m_PrefabAsset: {fileID: 0}
--- !u!1001 &2833632619757175222
PrefabInstance:
  m_ObjectHideFlags: 0
  serializedVersion: 2
  m_Modification:
    m_TransformParent: {fileID: 7391924798002248356}
    m_Modifications:
    - target: {fileID: 139618, guid: f1f3c8bba3f110d43851b9acbbc52891, type: 3}
      propertyPath: m_Name
      value: Grass (17)
      objectReference: {fileID: 0}
    - target: {fileID: 400498, guid: f1f3c8bba3f110d43851b9acbbc52891, type: 3}
      propertyPath: m_LocalPosition.x
      value: -6.1856394
      objectReference: {fileID: 0}
    - target: {fileID: 400498, guid: f1f3c8bba3f110d43851b9acbbc52891, type: 3}
      propertyPath: m_LocalPosition.y
      value: 8.28791
      objectReference: {fileID: 0}
    - target: {fileID: 400498, guid: f1f3c8bba3f110d43851b9acbbc52891, type: 3}
      propertyPath: m_LocalPosition.z
      value: -5.8306246
      objectReference: {fileID: 0}
    - target: {fileID: 400498, guid: f1f3c8bba3f110d43851b9acbbc52891, type: 3}
      propertyPath: m_LocalRotation.x
      value: 0.0000000218557
      objectReference: {fileID: 0}
    - target: {fileID: 400498, guid: f1f3c8bba3f110d43851b9acbbc52891, type: 3}
      propertyPath: m_LocalRotation.y
      value: -0
      objectReference: {fileID: 0}
    - target: {fileID: 400498, guid: f1f3c8bba3f110d43851b9acbbc52891, type: 3}
      propertyPath: m_LocalRotation.z
      value: -0
      objectReference: {fileID: 0}
    - target: {fileID: 400498, guid: f1f3c8bba3f110d43851b9acbbc52891, type: 3}
      propertyPath: m_LocalRotation.w
      value: 1
      objectReference: {fileID: 0}
    - target: {fileID: 400498, guid: f1f3c8bba3f110d43851b9acbbc52891, type: 3}
      propertyPath: m_RootOrder
      value: 4
      objectReference: {fileID: 0}
    - target: {fileID: 400498, guid: f1f3c8bba3f110d43851b9acbbc52891, type: 3}
      propertyPath: m_LocalEulerAnglesHint.x
      value: 0
      objectReference: {fileID: 0}
    - target: {fileID: 400498, guid: f1f3c8bba3f110d43851b9acbbc52891, type: 3}
      propertyPath: m_LocalEulerAnglesHint.y
      value: 0
      objectReference: {fileID: 0}
    - target: {fileID: 400498, guid: f1f3c8bba3f110d43851b9acbbc52891, type: 3}
      propertyPath: m_LocalEulerAnglesHint.z
      value: 0
      objectReference: {fileID: 0}
    m_RemovedComponents:
    - {fileID: 6469858, guid: f1f3c8bba3f110d43851b9acbbc52891, type: 3}
  m_SourcePrefab: {fileID: 100100000, guid: f1f3c8bba3f110d43851b9acbbc52891, type: 3}
--- !u!4 &2833632619756789188 stripped
Transform:
  m_CorrespondingSourceObject: {fileID: 400498, guid: f1f3c8bba3f110d43851b9acbbc52891,
    type: 3}
  m_PrefabInstance: {fileID: 2833632619757175222}
  m_PrefabAsset: {fileID: 0}
--- !u!1001 &3846851859811125163
PrefabInstance:
  m_ObjectHideFlags: 0
  serializedVersion: 2
  m_Modification:
    m_TransformParent: {fileID: 7391924798002248356}
    m_Modifications:
    - target: {fileID: 139618, guid: f1f3c8bba3f110d43851b9acbbc52891, type: 3}
      propertyPath: m_Name
      value: Grass (16)
      objectReference: {fileID: 0}
    - target: {fileID: 400498, guid: f1f3c8bba3f110d43851b9acbbc52891, type: 3}
      propertyPath: m_LocalPosition.x
      value: -6.3366394
      objectReference: {fileID: 0}
    - target: {fileID: 400498, guid: f1f3c8bba3f110d43851b9acbbc52891, type: 3}
      propertyPath: m_LocalPosition.y
      value: 8.28791
      objectReference: {fileID: 0}
    - target: {fileID: 400498, guid: f1f3c8bba3f110d43851b9acbbc52891, type: 3}
      propertyPath: m_LocalPosition.z
      value: -5.463625
      objectReference: {fileID: 0}
    - target: {fileID: 400498, guid: f1f3c8bba3f110d43851b9acbbc52891, type: 3}
      propertyPath: m_LocalRotation.x
      value: 0.0000000218557
      objectReference: {fileID: 0}
    - target: {fileID: 400498, guid: f1f3c8bba3f110d43851b9acbbc52891, type: 3}
      propertyPath: m_LocalRotation.y
      value: -0
      objectReference: {fileID: 0}
    - target: {fileID: 400498, guid: f1f3c8bba3f110d43851b9acbbc52891, type: 3}
      propertyPath: m_LocalRotation.z
      value: -0
      objectReference: {fileID: 0}
    - target: {fileID: 400498, guid: f1f3c8bba3f110d43851b9acbbc52891, type: 3}
      propertyPath: m_LocalRotation.w
      value: 1
      objectReference: {fileID: 0}
    - target: {fileID: 400498, guid: f1f3c8bba3f110d43851b9acbbc52891, type: 3}
      propertyPath: m_RootOrder
      value: 3
      objectReference: {fileID: 0}
    - target: {fileID: 400498, guid: f1f3c8bba3f110d43851b9acbbc52891, type: 3}
      propertyPath: m_LocalEulerAnglesHint.x
      value: 0
      objectReference: {fileID: 0}
    - target: {fileID: 400498, guid: f1f3c8bba3f110d43851b9acbbc52891, type: 3}
      propertyPath: m_LocalEulerAnglesHint.y
      value: 0
      objectReference: {fileID: 0}
    - target: {fileID: 400498, guid: f1f3c8bba3f110d43851b9acbbc52891, type: 3}
      propertyPath: m_LocalEulerAnglesHint.z
      value: 0
      objectReference: {fileID: 0}
    m_RemovedComponents:
    - {fileID: 6469858, guid: f1f3c8bba3f110d43851b9acbbc52891, type: 3}
  m_SourcePrefab: {fileID: 100100000, guid: f1f3c8bba3f110d43851b9acbbc52891, type: 3}
--- !u!4 &3846851859810737113 stripped
Transform:
  m_CorrespondingSourceObject: {fileID: 400498, guid: f1f3c8bba3f110d43851b9acbbc52891,
    type: 3}
  m_PrefabInstance: {fileID: 3846851859811125163}
  m_PrefabAsset: {fileID: 0}
--- !u!1001 &5283438813927223878
PrefabInstance:
  m_ObjectHideFlags: 0
  serializedVersion: 2
  m_Modification:
    m_TransformParent: {fileID: 7391924798002248356}
    m_Modifications:
    - target: {fileID: 7601346267195687112, guid: 10e9318c2c827df4c864e64916812dcf,
        type: 3}
      propertyPath: m_Name
      value: Rock 2 (2)
      objectReference: {fileID: 0}
    - target: {fileID: 7601346267195687112, guid: 10e9318c2c827df4c864e64916812dcf,
        type: 3}
      propertyPath: m_Layer
      value: 0
      objectReference: {fileID: 0}
    - target: {fileID: 7601346267196120296, guid: 10e9318c2c827df4c864e64916812dcf,
        type: 3}
      propertyPath: m_LocalPosition.x
      value: -5.4506397
      objectReference: {fileID: 0}
    - target: {fileID: 7601346267196120296, guid: 10e9318c2c827df4c864e64916812dcf,
        type: 3}
      propertyPath: m_LocalPosition.y
      value: 8.28291
      objectReference: {fileID: 0}
    - target: {fileID: 7601346267196120296, guid: 10e9318c2c827df4c864e64916812dcf,
        type: 3}
      propertyPath: m_LocalPosition.z
      value: -5.1556244
      objectReference: {fileID: 0}
    - target: {fileID: 7601346267196120296, guid: 10e9318c2c827df4c864e64916812dcf,
        type: 3}
      propertyPath: m_LocalRotation.x
      value: -0
      objectReference: {fileID: 0}
    - target: {fileID: 7601346267196120296, guid: 10e9318c2c827df4c864e64916812dcf,
        type: 3}
      propertyPath: m_LocalRotation.y
      value: -0
      objectReference: {fileID: 0}
    - target: {fileID: 7601346267196120296, guid: 10e9318c2c827df4c864e64916812dcf,
        type: 3}
      propertyPath: m_LocalRotation.z
      value: -0
      objectReference: {fileID: 0}
    - target: {fileID: 7601346267196120296, guid: 10e9318c2c827df4c864e64916812dcf,
        type: 3}
      propertyPath: m_LocalRotation.w
      value: 1
      objectReference: {fileID: 0}
    - target: {fileID: 7601346267196120296, guid: 10e9318c2c827df4c864e64916812dcf,
        type: 3}
      propertyPath: m_RootOrder
      value: 8
      objectReference: {fileID: 0}
    - target: {fileID: 7601346267196120296, guid: 10e9318c2c827df4c864e64916812dcf,
        type: 3}
      propertyPath: m_LocalEulerAnglesHint.x
      value: 0
      objectReference: {fileID: 0}
    - target: {fileID: 7601346267196120296, guid: 10e9318c2c827df4c864e64916812dcf,
        type: 3}
      propertyPath: m_LocalEulerAnglesHint.y
      value: 0
      objectReference: {fileID: 0}
    - target: {fileID: 7601346267196120296, guid: 10e9318c2c827df4c864e64916812dcf,
        type: 3}
      propertyPath: m_LocalEulerAnglesHint.z
      value: 0
      objectReference: {fileID: 0}
    m_RemovedComponents: []
  m_SourcePrefab: {fileID: 100100000, guid: 10e9318c2c827df4c864e64916812dcf, type: 3}
--- !u!4 &2319322694385135278 stripped
Transform:
  m_CorrespondingSourceObject: {fileID: 7601346267196120296, guid: 10e9318c2c827df4c864e64916812dcf,
    type: 3}
  m_PrefabInstance: {fileID: 5283438813927223878}
  m_PrefabAsset: {fileID: 0}
--- !u!1001 &6196860782402607495
PrefabInstance:
  m_ObjectHideFlags: 0
  serializedVersion: 2
  m_Modification:
    m_TransformParent: {fileID: 7391924798002248356}
    m_Modifications:
    - target: {fileID: 3900784112290009668, guid: f598cba4eaac6194ba384aac01fe4c25,
        type: 3}
      propertyPath: m_Name
      value: rpgpp_lt_terrain_sand_01 (2)
      objectReference: {fileID: 0}
    - target: {fileID: 3906632901103007912, guid: f598cba4eaac6194ba384aac01fe4c25,
        type: 3}
      propertyPath: m_LocalPosition.x
      value: -5.62864
      objectReference: {fileID: 0}
    - target: {fileID: 3906632901103007912, guid: f598cba4eaac6194ba384aac01fe4c25,
        type: 3}
      propertyPath: m_LocalPosition.y
      value: 8.31791
      objectReference: {fileID: 0}
    - target: {fileID: 3906632901103007912, guid: f598cba4eaac6194ba384aac01fe4c25,
        type: 3}
      propertyPath: m_LocalPosition.z
      value: -4.190625
      objectReference: {fileID: 0}
    - target: {fileID: 3906632901103007912, guid: f598cba4eaac6194ba384aac01fe4c25,
        type: 3}
      propertyPath: m_LocalRotation.x
      value: -0
      objectReference: {fileID: 0}
    - target: {fileID: 3906632901103007912, guid: f598cba4eaac6194ba384aac01fe4c25,
        type: 3}
      propertyPath: m_LocalRotation.y
      value: -0
      objectReference: {fileID: 0}
    - target: {fileID: 3906632901103007912, guid: f598cba4eaac6194ba384aac01fe4c25,
        type: 3}
      propertyPath: m_LocalRotation.z
      value: -0
      objectReference: {fileID: 0}
    - target: {fileID: 3906632901103007912, guid: f598cba4eaac6194ba384aac01fe4c25,
        type: 3}
      propertyPath: m_LocalRotation.w
      value: 1
      objectReference: {fileID: 0}
    - target: {fileID: 3906632901103007912, guid: f598cba4eaac6194ba384aac01fe4c25,
        type: 3}
      propertyPath: m_RootOrder
      value: 0
      objectReference: {fileID: 0}
    - target: {fileID: 3906632901103007912, guid: f598cba4eaac6194ba384aac01fe4c25,
        type: 3}
      propertyPath: m_LocalEulerAnglesHint.x
      value: 0
      objectReference: {fileID: 0}
    - target: {fileID: 3906632901103007912, guid: f598cba4eaac6194ba384aac01fe4c25,
        type: 3}
      propertyPath: m_LocalEulerAnglesHint.y
      value: 0
      objectReference: {fileID: 0}
    - target: {fileID: 3906632901103007912, guid: f598cba4eaac6194ba384aac01fe4c25,
        type: 3}
      propertyPath: m_LocalEulerAnglesHint.z
      value: 0
      objectReference: {fileID: 0}
    m_RemovedComponents: []
  m_SourcePrefab: {fileID: 100100000, guid: f598cba4eaac6194ba384aac01fe4c25, type: 3}
--- !u!4 &7190148402337882415 stripped
Transform:
  m_CorrespondingSourceObject: {fileID: 3906632901103007912, guid: f598cba4eaac6194ba384aac01fe4c25,
    type: 3}
  m_PrefabInstance: {fileID: 6196860782402607495}
  m_PrefabAsset: {fileID: 0}
--- !u!1001 &7480655562020451169
PrefabInstance:
  m_ObjectHideFlags: 0
  serializedVersion: 2
  m_Modification:
    m_TransformParent: {fileID: 7391924798002248356}
    m_Modifications:
    - target: {fileID: 116212, guid: 237fc278131d8dc4c9dd556f706cd958, type: 3}
      propertyPath: m_Name
      value: Rock (8)
      objectReference: {fileID: 0}
    - target: {fileID: 493548, guid: 237fc278131d8dc4c9dd556f706cd958, type: 3}
      propertyPath: m_LocalPosition.x
      value: -5.4286394
      objectReference: {fileID: 0}
    - target: {fileID: 493548, guid: 237fc278131d8dc4c9dd556f706cd958, type: 3}
      propertyPath: m_LocalPosition.y
      value: 8.42791
      objectReference: {fileID: 0}
    - target: {fileID: 493548, guid: 237fc278131d8dc4c9dd556f706cd958, type: 3}
      propertyPath: m_LocalPosition.z
      value: -3.060625
      objectReference: {fileID: 0}
    - target: {fileID: 493548, guid: 237fc278131d8dc4c9dd556f706cd958, type: 3}
      propertyPath: m_LocalRotation.x
      value: 0.0000000218557
      objectReference: {fileID: 0}
    - target: {fileID: 493548, guid: 237fc278131d8dc4c9dd556f706cd958, type: 3}
      propertyPath: m_LocalRotation.y
      value: -0
      objectReference: {fileID: 0}
    - target: {fileID: 493548, guid: 237fc278131d8dc4c9dd556f706cd958, type: 3}
      propertyPath: m_LocalRotation.z
      value: -0
      objectReference: {fileID: 0}
    - target: {fileID: 493548, guid: 237fc278131d8dc4c9dd556f706cd958, type: 3}
      propertyPath: m_LocalRotation.w
      value: 1
      objectReference: {fileID: 0}
    - target: {fileID: 493548, guid: 237fc278131d8dc4c9dd556f706cd958, type: 3}
      propertyPath: m_RootOrder
      value: 7
      objectReference: {fileID: 0}
    - target: {fileID: 493548, guid: 237fc278131d8dc4c9dd556f706cd958, type: 3}
      propertyPath: m_LocalEulerAnglesHint.x
      value: 0
      objectReference: {fileID: 0}
    - target: {fileID: 493548, guid: 237fc278131d8dc4c9dd556f706cd958, type: 3}
      propertyPath: m_LocalEulerAnglesHint.y
      value: 0
      objectReference: {fileID: 0}
    - target: {fileID: 493548, guid: 237fc278131d8dc4c9dd556f706cd958, type: 3}
      propertyPath: m_LocalEulerAnglesHint.z
      value: 0
      objectReference: {fileID: 0}
    m_RemovedComponents:
    - {fileID: 6453068, guid: 237fc278131d8dc4c9dd556f706cd958, type: 3}
  m_SourcePrefab: {fileID: 100100000, guid: 237fc278131d8dc4c9dd556f706cd958, type: 3}
--- !u!4 &7480655562020025485 stripped
Transform:
  m_CorrespondingSourceObject: {fileID: 493548, guid: 237fc278131d8dc4c9dd556f706cd958,
    type: 3}
  m_PrefabInstance: {fileID: 7480655562020451169}
  m_PrefabAsset: {fileID: 0}
--- !u!1001 &7770040374191852840
PrefabInstance:
  m_ObjectHideFlags: 0
  serializedVersion: 2
  m_Modification:
    m_TransformParent: {fileID: 7391924798002248356}
    m_Modifications:
    - target: {fileID: 1733909988577898, guid: e88b7bb02ae149940a5a0cddf34fe370, type: 3}
      propertyPath: m_Name
      value: rpgpp_lt_grass_small_01b (12)
      objectReference: {fileID: 0}
    - target: {fileID: 4931211907768612, guid: e88b7bb02ae149940a5a0cddf34fe370, type: 3}
      propertyPath: m_LocalPosition.x
      value: -5.6486397
      objectReference: {fileID: 0}
    - target: {fileID: 4931211907768612, guid: e88b7bb02ae149940a5a0cddf34fe370, type: 3}
      propertyPath: m_LocalPosition.y
      value: 8.28291
      objectReference: {fileID: 0}
    - target: {fileID: 4931211907768612, guid: e88b7bb02ae149940a5a0cddf34fe370, type: 3}
      propertyPath: m_LocalPosition.z
      value: -5.5406246
      objectReference: {fileID: 0}
    - target: {fileID: 4931211907768612, guid: e88b7bb02ae149940a5a0cddf34fe370, type: 3}
      propertyPath: m_LocalRotation.x
      value: -0
      objectReference: {fileID: 0}
    - target: {fileID: 4931211907768612, guid: e88b7bb02ae149940a5a0cddf34fe370, type: 3}
      propertyPath: m_LocalRotation.y
      value: -0
      objectReference: {fileID: 0}
    - target: {fileID: 4931211907768612, guid: e88b7bb02ae149940a5a0cddf34fe370, type: 3}
      propertyPath: m_LocalRotation.z
      value: -0
      objectReference: {fileID: 0}
    - target: {fileID: 4931211907768612, guid: e88b7bb02ae149940a5a0cddf34fe370, type: 3}
      propertyPath: m_LocalRotation.w
      value: 1
      objectReference: {fileID: 0}
    - target: {fileID: 4931211907768612, guid: e88b7bb02ae149940a5a0cddf34fe370, type: 3}
      propertyPath: m_RootOrder
      value: 1
      objectReference: {fileID: 0}
    - target: {fileID: 4931211907768612, guid: e88b7bb02ae149940a5a0cddf34fe370, type: 3}
      propertyPath: m_LocalEulerAnglesHint.x
      value: 0
      objectReference: {fileID: 0}
    - target: {fileID: 4931211907768612, guid: e88b7bb02ae149940a5a0cddf34fe370, type: 3}
      propertyPath: m_LocalEulerAnglesHint.y
      value: 0
      objectReference: {fileID: 0}
    - target: {fileID: 4931211907768612, guid: e88b7bb02ae149940a5a0cddf34fe370, type: 3}
      propertyPath: m_LocalEulerAnglesHint.z
      value: 0
      objectReference: {fileID: 0}
    - target: {fileID: 4931211907768612, guid: e88b7bb02ae149940a5a0cddf34fe370, type: 3}
      propertyPath: m_LocalScale.x
      value: 0.8
      objectReference: {fileID: 0}
    - target: {fileID: 4931211907768612, guid: e88b7bb02ae149940a5a0cddf34fe370, type: 3}
      propertyPath: m_LocalScale.y
      value: 0.8
      objectReference: {fileID: 0}
    - target: {fileID: 4931211907768612, guid: e88b7bb02ae149940a5a0cddf34fe370, type: 3}
      propertyPath: m_LocalScale.z
      value: 0.9
      objectReference: {fileID: 0}
    m_RemovedComponents: []
  m_SourcePrefab: {fileID: 100100000, guid: e88b7bb02ae149940a5a0cddf34fe370, type: 3}
--- !u!4 &7765681734711323660 stripped
Transform:
  m_CorrespondingSourceObject: {fileID: 4931211907768612, guid: e88b7bb02ae149940a5a0cddf34fe370,
    type: 3}
  m_PrefabInstance: {fileID: 7770040374191852840}
  m_PrefabAsset: {fileID: 0}
