%YAML 1.1
%TAG !u! tag:unity3d.com,2011:
--- !u!1 &8137804892903289626
GameObject:
  m_ObjectHideFlags: 0
  m_CorrespondingSourceObject: {fileID: 0}
  m_PrefabInstance: {fileID: 0}
  m_PrefabAsset: {fileID: 0}
  serializedVersion: 6
  m_Component:
  - component: {fileID: 8844459780251427955}
  m_Layer: 0
  m_Name: Yellow flower grass
  m_TagString: Untagged
  m_Icon: {fileID: 0}
  m_NavMeshLayer: 0
  m_StaticEditorFlags: 0
  m_IsActive: 1
--- !u!4 &8844459780251427955
Transform:
  m_ObjectHideFlags: 0
  m_CorrespondingSourceObject: {fileID: 0}
  m_PrefabInstance: {fileID: 0}
  m_PrefabAsset: {fileID: 0}
  m_GameObject: {fileID: 8137804892903289626}
  m_LocalRotation: {x: 0, y: 0, z: 0, w: 1}
  m_LocalPosition: {x: 12.2445755, y: -0.4327891, z: 1.9551911}
  m_LocalScale: {x: 1, y: 1, z: 1}
  m_Children:
  - {fileID: 17251086413028832}
  - {fileID: 7310202376836151081}
  - {fileID: 3494193140919040069}
  m_Father: {fileID: 0}
  m_RootOrder: 0
  m_LocalEulerAnglesHint: {x: 0, y: 0, z: 0}
--- !u!1001 &3494193140918903863
PrefabInstance:
  m_ObjectHideFlags: 0
  serializedVersion: 2
  m_Modification:
    m_TransformParent: {fileID: 8844459780251427955}
    m_Modifications:
    - target: {fileID: 139618, guid: f1f3c8bba3f110d43851b9acbbc52891, type: 3}
      propertyPath: m_Name
      value: Grass (3)
      objectReference: {fileID: 0}
    - target: {fileID: 400498, guid: f1f3c8bba3f110d43851b9acbbc52891, type: 3}
      propertyPath: m_LocalPosition.x
      value: 1.6914244
      objectReference: {fileID: 0}
    - target: {fileID: 400498, guid: f1f3c8bba3f110d43851b9acbbc52891, type: 3}
      propertyPath: m_LocalPosition.y
      value: 0.44278908
      objectReference: {fileID: 0}
    - target: {fileID: 400498, guid: f1f3c8bba3f110d43851b9acbbc52891, type: 3}
      propertyPath: m_LocalPosition.z
      value: 1.2158089
      objectReference: {fileID: 0}
    - target: {fileID: 400498, guid: f1f3c8bba3f110d43851b9acbbc52891, type: 3}
      propertyPath: m_LocalRotation.x
      value: 0.0000000218557
      objectReference: {fileID: 0}
    - target: {fileID: 400498, guid: f1f3c8bba3f110d43851b9acbbc52891, type: 3}
      propertyPath: m_LocalRotation.y
      value: -0
      objectReference: {fileID: 0}
    - target: {fileID: 400498, guid: f1f3c8bba3f110d43851b9acbbc52891, type: 3}
      propertyPath: m_LocalRotation.z
      value: -0
      objectReference: {fileID: 0}
    - target: {fileID: 400498, guid: f1f3c8bba3f110d43851b9acbbc52891, type: 3}
      propertyPath: m_LocalRotation.w
      value: 1
      objectReference: {fileID: 0}
    - target: {fileID: 400498, guid: f1f3c8bba3f110d43851b9acbbc52891, type: 3}
      propertyPath: m_RootOrder
      value: 2
      objectReference: {fileID: 0}
    - target: {fileID: 400498, guid: f1f3c8bba3f110d43851b9acbbc52891, type: 3}
      propertyPath: m_LocalEulerAnglesHint.x
      value: 0
      objectReference: {fileID: 0}
    - target: {fileID: 400498, guid: f1f3c8bba3f110d43851b9acbbc52891, type: 3}
      propertyPath: m_LocalEulerAnglesHint.y
      value: 0
      objectReference: {fileID: 0}
    - target: {fileID: 400498, guid: f1f3c8bba3f110d43851b9acbbc52891, type: 3}
      propertyPath: m_LocalEulerAnglesHint.z
      value: 0
      objectReference: {fileID: 0}
    m_RemovedComponents:
    - {fileID: 6469858, guid: f1f3c8bba3f110d43851b9acbbc52891, type: 3}
  m_SourcePrefab: {fileID: 100100000, guid: f1f3c8bba3f110d43851b9acbbc52891, type: 3}
--- !u!4 &3494193140919040069 stripped
Transform:
  m_CorrespondingSourceObject: {fileID: 400498, guid: f1f3c8bba3f110d43851b9acbbc52891,
    type: 3}
  m_PrefabInstance: {fileID: 3494193140918903863}
  m_PrefabAsset: {fileID: 0}
--- !u!1001 &4767668568268007281
PrefabInstance:
  m_ObjectHideFlags: 0
  serializedVersion: 2
  m_Modification:
    m_TransformParent: {fileID: 8844459780251427955}
    m_Modifications:
    - target: {fileID: 4762381272356759217, guid: a04eb711ba99e9941b00462fd2bcc89e,
        type: 3}
      propertyPath: m_Name
      value: Flower 1
      objectReference: {fileID: 0}
    - target: {fileID: 4762381272356731537, guid: a04eb711ba99e9941b00462fd2bcc89e,
        type: 3}
      propertyPath: m_LocalPosition.x
      value: 1.841425
      objectReference: {fileID: 0}
    - target: {fileID: 4762381272356731537, guid: a04eb711ba99e9941b00462fd2bcc89e,
        type: 3}
      propertyPath: m_LocalPosition.y
      value: 0.7237891
      objectReference: {fileID: 0}
    - target: {fileID: 4762381272356731537, guid: a04eb711ba99e9941b00462fd2bcc89e,
        type: 3}
      propertyPath: m_LocalPosition.z
      value: 0.93570375
      objectReference: {fileID: 0}
    - target: {fileID: 4762381272356731537, guid: a04eb711ba99e9941b00462fd2bcc89e,
        type: 3}
      propertyPath: m_LocalRotation.x
      value: -0
      objectReference: {fileID: 0}
    - target: {fileID: 4762381272356731537, guid: a04eb711ba99e9941b00462fd2bcc89e,
        type: 3}
      propertyPath: m_LocalRotation.y
      value: -0
      objectReference: {fileID: 0}
    - target: {fileID: 4762381272356731537, guid: a04eb711ba99e9941b00462fd2bcc89e,
        type: 3}
      propertyPath: m_LocalRotation.z
      value: -0
      objectReference: {fileID: 0}
    - target: {fileID: 4762381272356731537, guid: a04eb711ba99e9941b00462fd2bcc89e,
        type: 3}
      propertyPath: m_LocalRotation.w
      value: 1
      objectReference: {fileID: 0}
    - target: {fileID: 4762381272356731537, guid: a04eb711ba99e9941b00462fd2bcc89e,
        type: 3}
      propertyPath: m_RootOrder
      value: 0
      objectReference: {fileID: 0}
    - target: {fileID: 4762381272356731537, guid: a04eb711ba99e9941b00462fd2bcc89e,
        type: 3}
      propertyPath: m_LocalEulerAnglesHint.x
      value: 0
      objectReference: {fileID: 0}
    - target: {fileID: 4762381272356731537, guid: a04eb711ba99e9941b00462fd2bcc89e,
        type: 3}
      propertyPath: m_LocalEulerAnglesHint.y
      value: 0
      objectReference: {fileID: 0}
    - target: {fileID: 4762381272356731537, guid: a04eb711ba99e9941b00462fd2bcc89e,
        type: 3}
      propertyPath: m_LocalEulerAnglesHint.z
      value: 0
      objectReference: {fileID: 0}
    m_RemovedComponents: []
  m_SourcePrefab: {fileID: 100100000, guid: a04eb711ba99e9941b00462fd2bcc89e, type: 3}
--- !u!4 &17251086413028832 stripped
Transform:
  m_CorrespondingSourceObject: {fileID: 4762381272356731537, guid: a04eb711ba99e9941b00462fd2bcc89e,
    type: 3}
  m_PrefabInstance: {fileID: 4767668568268007281}
  m_PrefabAsset: {fileID: 0}
--- !u!1001 &7310202376836541275
PrefabInstance:
  m_ObjectHideFlags: 0
  serializedVersion: 2
  m_Modification:
    m_TransformParent: {fileID: 8844459780251427955}
    m_Modifications:
    - target: {fileID: 139618, guid: f1f3c8bba3f110d43851b9acbbc52891, type: 3}
      propertyPath: m_Name
      value: Grass (2)
      objectReference: {fileID: 0}
    - target: {fileID: 400498, guid: f1f3c8bba3f110d43851b9acbbc52891, type: 3}
      propertyPath: m_LocalPosition.x
      value: 1.8454247
      objectReference: {fileID: 0}
    - target: {fileID: 400498, guid: f1f3c8bba3f110d43851b9acbbc52891, type: 3}
      propertyPath: m_LocalPosition.y
      value: 0.44278908
      objectReference: {fileID: 0}
    - target: {fileID: 400498, guid: f1f3c8bba3f110d43851b9acbbc52891, type: 3}
      propertyPath: m_LocalPosition.z
      value: 0.503809
      objectReference: {fileID: 0}
    - target: {fileID: 400498, guid: f1f3c8bba3f110d43851b9acbbc52891, type: 3}
      propertyPath: m_LocalRotation.x
      value: 0.0000000218557
      objectReference: {fileID: 0}
    - target: {fileID: 400498, guid: f1f3c8bba3f110d43851b9acbbc52891, type: 3}
      propertyPath: m_LocalRotation.y
      value: -0
      objectReference: {fileID: 0}
    - target: {fileID: 400498, guid: f1f3c8bba3f110d43851b9acbbc52891, type: 3}
      propertyPath: m_LocalRotation.z
      value: -0
      objectReference: {fileID: 0}
    - target: {fileID: 400498, guid: f1f3c8bba3f110d43851b9acbbc52891, type: 3}
      propertyPath: m_LocalRotation.w
      value: 1
      objectReference: {fileID: 0}
    - target: {fileID: 400498, guid: f1f3c8bba3f110d43851b9acbbc52891, type: 3}
      propertyPath: m_RootOrder
      value: 1
      objectReference: {fileID: 0}
    - target: {fileID: 400498, guid: f1f3c8bba3f110d43851b9acbbc52891, type: 3}
      propertyPath: m_LocalEulerAnglesHint.x
      value: 0
      objectReference: {fileID: 0}
    - target: {fileID: 400498, guid: f1f3c8bba3f110d43851b9acbbc52891, type: 3}
      propertyPath: m_LocalEulerAnglesHint.y
      value: 0
      objectReference: {fileID: 0}
    - target: {fileID: 400498, guid: f1f3c8bba3f110d43851b9acbbc52891, type: 3}
      propertyPath: m_LocalEulerAnglesHint.z
      value: 0
      objectReference: {fileID: 0}
    m_RemovedComponents:
    - {fileID: 6469858, guid: f1f3c8bba3f110d43851b9acbbc52891, type: 3}
  m_SourcePrefab: {fileID: 100100000, guid: f1f3c8bba3f110d43851b9acbbc52891, type: 3}
--- !u!4 &7310202376836151081 stripped
Transform:
  m_CorrespondingSourceObject: {fileID: 400498, guid: f1f3c8bba3f110d43851b9acbbc52891,
    type: 3}
  m_PrefabInstance: {fileID: 7310202376836541275}
  m_PrefabAsset: {fileID: 0}
